{"e":"bookTicker","u":1875304401421,"s":"TURBOUSDT","b":"0.3265","B":"156599.2","a":"0.3266","A":"63052.9","T":1662022860003,"E":1662022860007}
{"e":"bookTicker","u":1875304401761,"s":"TURBOUSDT","b":"0.3265","B":"174521.8","a":"0.3266","A":"63052.9","T":1662022860012,"E":1662022860017}
{"e":"bookTicker","u":1875304401780,"s":"TURBOUSDT","b":"0.3265","B":"175474.0","a":"0.3266","A":"63052.9","T":1662022860013,"E":1662022860017}
{"e":"bookTicker","u":1875304402068,"s":"TURBOUSDT","b":"0.3265","B":"174521.8","a":"0.3266","A":"63052.9","T":1662022860019,"E":1662022860024}
{"e":"bookTicker","u":1875304402837,"s":"TURBOUSDT","b":"0.3265","B":"174567.7","a":"0.3266","A":"63052.9","T":1662022860036,"E":1662022860041}
{"e":"bookTicker","u":1875304403268,"s":"FISHUSDT","b":"0.13405","B":"3150","a":"0.13406","A":"1525","T":1662022860045,"E":1662022860049}
{"e":"bookTicker","u":1875304403886,"s":"FISHUSDT","b":"0.13405","B":"3150","a":"0.13406","A":"1670","T":1662022860060,"E":1662022860064}
{"e":"bookTicker","u":1875304404015,"s":"TURBOUSDT","b":"0.3265","B":"156645.1","a":"0.3266","A":"63052.9","T":1662022860062,"E":1662022860067}
{"e":"bookTicker","u":1875304404326,"s":"FISHUSDT","b":"0.13405","B":"1796","a":"0.13406","A":"1670","T":1662022860068,"E":1662022860072}
{"e":"bookTicker","u":1875304404643,"s":"TURBOUSDT","b":"0.3265","B":"156645.1","a":"0.3266","A":"65827.9","T":1662022860073,"E":1662022860077}
{"e":"bookTicker","u":1875304404659,"s":"TURBOUSDT","b":"0.3265","B":"173640.7","a":"0.3266","A":"65827.9","T":1662022860074,"E":1662022860077}
{"e":"bookTicker","u":1875304405598,"s":"FISHUSDT","b":"0.13405","B":"150","a":"0.13406","A":"1670","T":1662022860085,"E":1662022860090}
{"e":"bookTicker","u":1875304406097,"s":"TURBOUSDT","b":"0.3265","B":"156645.1","a":"0.3266","A":"65827.9","T":1662022860095,"E":1662022860101}
{"e":"bookTicker","u":1875304406233,"s":"TURBOUSDT","b":"0.3265","B":"157597.3","a":"0.3266","A":"65827.9","T":1662022860097,"E":1662022860101}
{"e":"bookTicker","u":1875304406810,"s":"TURBOUSDT","b":"0.3265","B":"156645.1","a":"0.3266","A":"65827.9","T":1662022860106,"E":1662022860111}
{"e":"bookTicker","u":1875304406820,"s":"TURBOUSDT","b":"0.3265","B":"176267.3","a":"0.3266","A":"65827.9","T":1662022860106,"E":1662022860111}
{"e":"bookTicker","u":1875304407385,"s":"TURBOUSDT","b":"0.3265","B":"176267.3","a":"0.3266","A":"63052.9","T":1662022860116,"E":1662022860121}
{"e":"bookTicker","u":1875304408032,"s":"TURBOUSDT","b":"0.3265","B":"156645.1","a":"0.3266","A":"63052.9","T":1662022860128,"E":1662022860140}
{"e":"bookTicker","u":1875304408083,"s":"TURBOUSDT","b":"0.3265","B":"156994.9","a":"0.3266","A":"63052.9","T":1662022860129,"E":1662022860140}
{"e":"bookTicker","u":1875304410390,"s":"TURBOUSDT","b":"0.3265","B":"157258.3","a":"0.3266","A":"63052.9","T":1662022860190,"E":1662022860194}
{"e":"bookTicker","u":1875304410608,"s":"TURBOUSDT","b":"0.3265","B":"174871.9","a":"0.3266","A":"63052.9","T":1662022860192,"E":1662022860198}
{"e":"bookTicker","u":1875304411344,"s":"TURBOUSDT","b":"0.3265","B":"157258.3","a":"0.3266","A":"63052.9","T":1662022860204,"E":1662022860209}
{"e":"bookTicker","u":1875304412031,"s":"FISHUSDT","b":"0.13405","B":"150","a":"0.13406","A":"3520","T":1662022860216,"E":1662022860220}
{"e":"bookTicker","u":1875304414628,"s":"TURBOUSDT","b":"0.3265","B":"157261.5","a":"0.3266","A":"63052.9","T":1662022860250,"E":1662022860255}
{"e":"bookTicker","u":1875304414731,"s":"TURBOUSDT","b":"0.3265","B":"175184.1","a":"0.3266","A":"63052.9","T":1662022860251,"E":1662022860257}
{"e":"bookTicker","u":1875304415036,"s":"FISHUSDT","b":"0.13405","B":"150","a":"0.13406","A":"5370","T":1662022860254,"E":1662022860259}
{"e":"bookTicker","u":1875304415324,"s":"TURBOUSDT","b":"0.3265","B":"174917.6","a":"0.3266","A":"63052.9","T":1662022860258,"E":1662022860263}
{"e":"bookTicker","u":1875304415394,"s":"TURBOUSDT","b":"0.3265","B":"156995.0","a":"0.3266","A":"63052.9","T":1662022860259,"E":1662022860263}
{"e":"bookTicker","u":1875304415690,"s":"TURBOUSDT","b":"0.3265","B":"157587.8","a":"0.3266","A":"63052.9","T":1662022860264,"E":1662022860270}
{"e":"bookTicker","u":1875304416438,"s":"TURBOUSDT","b":"0.3265","B":"175046.9","a":"0.3266","A":"63052.9","T":1662022860274,"E":1662022860277}
{"e":"bookTicker","u":1875304416555,"s":"TURBOUSDT","b":"0.3265","B":"175046.9","a":"0.3266","A":"72552.9","T":1662022860276,"E":1662022860280}
{"e":"bookTicker","u":1875304416502,"s":"FISHUSDT","b":"0.13404","B":"40","a":"0.13406","A":"5370","T":1662022860275,"E":1662022860280}
{"e":"bookTicker","u":1875304416990,"s":"FISHUSDT","b":"0.13404","B":"40","a":"0.13405","A":"1850","T":1662022860281,"E":1662022860285}
{"e":"bookTicker","u":1875304417102,"s":"TURBOUSDT","b":"0.3265","B":"175046.9","a":"0.3266","A":"63052.9","T":1662022860283,"E":1662022860287}
{"e":"bookTicker","u":1875304419941,"s":"TURBOUSDT","b":"0.3265","B":"157587.8","a":"0.3266","A":"63052.9","T":1662022860324,"E":1662022860329}
{"e":"bookTicker","u":1875304420583,"s":"TURBOUSDT","b":"0.3265","B":"157587.8","a":"0.3266","A":"66800.2","T":1662022860333,"E":1662022860338}
{"e":"bookTicker","u":1875304421008,"s":"TURBOUSDT","b":"0.3265","B":"157921.5","a":"0.3266","A":"66800.2","T":1662022860340,"E":1662022860345}
{"e":"bookTicker","u":1875304422571,"s":"TURBOUSDT","b":"0.3265","B":"176307.7","a":"0.3266","A":"66800.2","T":1662022860370,"E":1662022860375}
{"e":"bookTicker","u":1875304423394,"s":"TURBOUSDT","b":"0.3265","B":"157921.5","a":"0.3266","A":"66800.2","T":1662022860387,"E":1662022860393}
{"e":"bookTicker","u":1875304423509,"s":"TURBOUSDT","b":"0.3265","B":"159223.2","a":"0.3266","A":"66800.2","T":1662022860392,"E":1662022860396}
{"e":"bookTicker","u":1875304425423,"s":"TURBOUSDT","b":"0.3265","B":"159223.2","a":"0.3266","A":"71800.2","T":1662022860437,"E":1662022860441}
{"e":"bookTicker","u":1875304432490,"s":"FISHUSDT","b":"0.13401","B":"617","a":"0.13405","A":"1850","T":1662022860642,"E":1662022860647}
{"e":"bookTicker","u":1875304432727,"s":"FISHUSDT","b":"0.13403","B":"40","a":"0.13405","A":"1850","T":1662022860649,"E":1662022860654}
{"e":"bookTicker","u":1875304433701,"s":"TURBOUSDT","b":"0.3265","B":"179154.4","a":"0.3266","A":"71800.2","T":1662022860677,"E":1662022860682}
{"e":"bookTicker","u":1875304434003,"s":"TURBOUSDT","b":"0.3265","B":"159223.2","a":"0.3266","A":"71800.2","T":1662022860686,"E":1662022860691}
{"e":"bookTicker","u":1875304437934,"s":"TURBOUSDT","b":"0.3265","B":"159223.2","a":"0.3266","A":"81300.2","T":1662022860780,"E":1662022860786}
{"e":"bookTicker","u":1875304438872,"s":"FISHUSDT","b":"0.13400","B":"550","a":"0.13405","A":"1850","T":1662022860787,"E":1662022860792}
{"e":"bookTicker","u":1875304440354,"s":"FISHUSDT","b":"0.13400","B":"550","a":"0.13405","A":"2462","T":1662022860800,"E":1662022860804}
{"e":"bookTicker","u":1875304442655,"s":"FISHUSDT","b":"0.13400","B":"550","a":"0.13404","A":"3000","T":1662022860831,"E":1662022860835}
{"e":"bookTicker","u":1875304443221,"s":"FISHUSDT","b":"0.13400","B":"550","a":"0.13404","A":"3612","T":1662022860840,"E":1662022860845}
{"e":"bookTicker","u":1875304443437,"s":"FISHUSDT","b":"0.13400","B":"550","a":"0.13403","A":"1850","T":1662022860844,"E":1662022860849}
{"e":"bookTicker","u":1875304443618,"s":"FISHUSDT","b":"0.13400","B":"550","a":"0.13403","A":"15284","T":1662022860846,"E":1662022860849}
{"e":"bookTicker","u":1875304444808,"s":"FISHUSDT","b":"0.13400","B":"550","a":"0.13403","A":"15896","T":1662022860855,"E":1662022860859}
{"e":"bookTicker","u":1875304449890,"s":"FISHUSDT","b":"0.13400","B":"550","a":"0.13402","A":"6150","T":1662022860897,"E":1662022860900}
{"e":"bookTicker","u":1875304450817,"s":"FISHUSDT","b":"0.13400","B":"550","a":"0.13402","A":"6762","T":1662022860907,"E":1662022860911}
{"e":"bookTicker","u":1875304450867,"s":"FISHUSDT","b":"0.13400","B":"550","a":"0.13401","A":"1850","T":1662022860908,"E":1662022860912}
{"e":"bookTicker","u":1875304457920,"s":"TURBOUSDT","b":"0.3265","B":"155764.4","a":"0.3266","A":"81300.2","T":1662022861023,"E":1662022861028}
{"e":"bookTicker","u":1875304457933,"s":"TURBOUSDT","b":"0.3265","B":"139978.9","a":"0.3266","A":"81300.2","T":1662022861023,"E":1662022861029}
{"e":"bookTicker","u":1875304457990,"s":"TURBOUSDT","b":"0.3265","B":"128641.9","a":"0.3266","A":"81300.2","T":1662022861024,"E":1662022861029}
{"e":"bookTicker","u":1875304462051,"s":"FISHUSDT","b":"0.13400","B":"550","a":"0.13401","A":"1752","T":1662022861098,"E":1662022861102}
{"e":"bookTicker","u":1875304464354,"s":"TURBOUSDT","b":"0.3265","B":"128948.1","a":"0.3266","A":"81300.2","T":1662022861145,"E":1662022861150}
{"e":"bookTicker","u":1875304464522,"s":"TURBOUSDT","b":"0.3265","B":"126763.7","a":"0.3266","A":"81300.2","T":1662022861148,"E":1662022861152}
{"e":"bookTicker","u":1875304466669,"s":"TURBOUSDT","b":"0.3265","B":"97698.1","a":"0.3266","A":"81300.2","T":1662022861189,"E":1662022861194}
{"e":"bookTicker","u":1875304467269,"s":"TURBOUSDT","b":"0.3265","B":"98650.3","a":"0.3266","A":"81300.2","T":1662022861201,"E":1662022861205}
{"e":"bookTicker","u":1875304467498,"s":"TURBOUSDT","b":"0.3265","B":"97698.1","a":"0.3266","A":"81300.2","T":1662022861206,"E":1662022861211}
{"e":"bookTicker","u":1875304468498,"s":"TURBOUSDT","b":"0.3265","B":"95779.2","a":"0.3266","A":"81300.2","T":1662022861229,"E":1662022861233}
{"e":"bookTicker","u":1875304468984,"s":"TURBOUSDT","b":"0.3265","B":"114574.8","a":"0.3266","A":"81300.2","T":1662022861239,"E":1662022861244}
{"e":"bookTicker","u":1875304469142,"s":"TURBOUSDT","b":"0.3265","B":"115242.9","a":"0.3266","A":"81300.2","T":1662022861241,"E":1662022861246}
{"e":"bookTicker","u":1875304476590,"s":"TURBOUSDT","b":"0.3265","B":"115242.9","a":"0.3266","A":"80202.1","T":1662022861398,"E":1662022861402}
{"e":"bookTicker","u":1875304480943,"s":"TURBOUSDT","b":"0.3265","B":"115270.2","a":"0.3266","A":"80202.1","T":1662022861485,"E":1662022861489}
{"e":"bookTicker","u":1875304483125,"s":"TURBOUSDT","b":"0.3265","B":"115270.2","a":"0.3266","A":"70702.1","T":1662022861559,"E":1662022861564}
{"e":"bookTicker","u":1875304485514,"s":"TURBOUSDT","b":"0.3265","B":"115270.2","a":"0.3266","A":"80202.1","T":1662022861629,"E":1662022861633}
{"e":"bookTicker","u":1875304491848,"s":"TURBOUSDT","b":"0.3265","B":"114970.2","a":"0.3266","A":"80202.1","T":1662022861711,"E":1662022861717}
{"e":"bookTicker","u":1875304492072,"s":"TURBOUSDT","b":"0.3265","B":"113970.2","a":"0.3266","A":"80202.1","T":1662022861713,"E":1662022861718}
{"e":"bookTicker","u":1875304492174,"s":"TURBOUSDT","b":"0.3265","B":"112970.2","a":"0.3266","A":"80202.1","T":1662022861713,"E":1662022861718}
{"e":"bookTicker","u":1875304494737,"s":"FISHUSDT","b":"0.13400","B":"550","a":"0.13401","A":"3602","T":1662022861728,"E":1662022861736}
{"e":"bookTicker","u":1875304494182,"s":"TURBOUSDT","b":"0.3265","B":"103470.2","a":"0.3266","A":"80202.1","T":1662022861725,"E":1662022861732}
{"e":"bookTicker","u":1875304494944,"s":"TURBOUSDT","b":"0.3265","B":"93970.2","a":"0.3266","A":"80202.1","T":1662022861729,"E":1662022861737}
{"e":"bookTicker","u":1875304495124,"s":"TURBOUSDT","b":"0.3265","B":"84956.9","a":"0.3266","A":"80202.1","T":1662022861731,"E":1662022861740}
{"e":"bookTicker","u":1875304496585,"s":"TURBOUSDT","b":"0.3265","B":"84956.9","a":"0.3266","A":"82977.1","T":1662022861741,"E":1662022861751}
{"e":"bookTicker","u":1875304496753,"s":"TURBOUSDT","b":"0.3265","B":"84956.9","a":"0.3266","A":"80202.1","T":1662022861742,"E":1662022861752}
{"e":"bookTicker","u":1875304498489,"s":"TURBOUSDT","b":"0.3265","B":"83011.1","a":"0.3266","A":"80202.1","T":1662022861754,"E":1662022861764}
{"e":"bookTicker","u":1875304500001,"s":"TURBOUSDT","b":"0.3265","B":"92511.1","a":"0.3266","A":"80202.1","T":1662022861762,"E":1662022861773}
{"e":"bookTicker","u":1875304502129,"s":"TURBOUSDT","b":"0.3265","B":"92511.1","a":"0.3266","A":"82977.1","T":1662022861774,"E":1662022861787}
{"e":"bookTicker","u":1875304503074,"s":"TURBOUSDT","b":"0.3265","B":"91843.0","a":"0.3266","A":"82977.1","T":1662022861781,"E":1662022861795}
{"e":"bookTicker","u":1875304505245,"s":"TURBOUSDT","b":"0.3265","B":"96476.8","a":"0.3266","A":"82977.1","T":1662022861795,"E":1662022861810}
{"e":"bookTicker","u":1875304505474,"s":"TURBOUSDT","b":"0.3265","B":"77681.2","a":"0.3266","A":"82977.1","T":1662022861797,"E":1662022861812}
{"e":"bookTicker","u":1875304508982,"s":"TURBOUSDT","b":"0.3265","B":"78469.9","a":"0.3266","A":"82977.1","T":1662022861833,"E":1662022861839}
{"e":"bookTicker","u":1875304509050,"s":"TURBOUSDT","b":"0.3265","B":"82370.3","a":"0.3266","A":"82977.1","T":1662022861834,"E":1662022861840}
{"e":"bookTicker","u":1875304509929,"s":"TURBOUSDT","b":"0.3265","B":"91870.3","a":"0.3266","A":"82977.1","T":1662022861846,"E":1662022861852}
{"e":"bookTicker","u":1875304510187,"s":"TURBOUSDT","b":"0.3265","B":"101370.3","a":"0.3266","A":"82977.1","T":1662022861850,"E":1662022861855}
{"e":"bookTicker","u":1875304514820,"s":"TURBOUSDT","b":"0.3265","B":"101370.3","a":"0.3266","A":"80202.1","T":1662022861933,"E":1662022861936}
{"e":"bookTicker","u":1875304516831,"s":"TURBOUSDT","b":"0.3265","B":"101370.3","a":"0.3266","A":"70702.1","T":1662022861974,"E":1662022861980}
{"e":"bookTicker","u":1875304518673,"s":"TURBOUSDT","b":"0.3265","B":"111631.0","a":"0.3266","A":"70702.1","T":1662022862015,"E":1662022862020}
{"e":"bookTicker","u":1875304519674,"s":"TURBOUSDT","b":"0.3265","B":"111631.0","a":"0.3266","A":"80202.1","T":1662022862032,"E":1662022862036}
{"e":"bookTicker","u":1875304520404,"s":"TURBOUSDT","b":"0.3265","B":"111676.8","a":"0.3266","A":"80202.1","T":1662022862046,"E":1662022862051}
{"e":"bookTicker","u":1875304521580,"s":"TURBOUSDT","b":"0.3265","B":"111719.3","a":"0.3266","A":"80202.1","T":1662022862071,"E":1662022862075}
{"e":"bookTicker","u":1875304522534,"s":"TURBOUSDT","b":"0.3265","B":"111719.3","a":"0.3266","A":"70702.1","T":1662022862089,"E":1662022862094}
{"e":"bookTicker","u":1875304523150,"s":"TURBOUSDT","b":"0.3265","B":"110930.6","a":"0.3266","A":"70702.1","T":1662022862105,"E":1662022862111}
{"e":"bookTicker","u":1875304524010,"s":"TURBOUSDT","b":"0.3265","B":"111372.9","a":"0.3266","A":"70702.1","T":1662022862119,"E":1662022862123}
{"e":"bookTicker","u":1875304530140,"s":"TURBOUSDT","b":"0.3265","B":"110780.1","a":"0.3266","A":"70702.1","T":1662022862260,"E":1662022862264}
{"e":"bookTicker","u":1875304530547,"s":"TURBOUSDT","b":"0.3265","B":"111341.5","a":"0.3266","A":"70702.1","T":1662022862270,"E":1662022862274}
{"e":"bookTicker","u":1875304531971,"s":"TURBOUSDT","b":"0.3265","B":"113287.3","a":"0.3266","A":"70702.1","T":1662022862303,"E":1662022862307}
{"e":"bookTicker","u":1875304533021,"s":"TURBOUSDT","b":"0.3265","B":"112845.0","a":"0.3266","A":"70702.1","T":1662022862329,"E":1662022862335}
{"e":"bookTicker","u":1875304533405,"s":"TURBOUSDT","b":"0.3265","B":"113566.7","a":"0.3266","A":"70702.1","T":1662022862342,"E":1662022862348}
{"e":"bookTicker","u":1875304539107,"s":"FISHUSDT","b":"0.13400","B":"550","a":"0.13401","A":"1752","T":1662022862464,"E":1662022862469}
{"e":"bookTicker","u":1875304539753,"s":"TURBOUSDT","b":"0.3265","B":"113605.2","a":"0.3266","A":"70702.1","T":1662022862481,"E":1662022862484}
{"e":"bookTicker","u":1875304546819,"s":"TURBOUSDT","b":"0.3265","B":"113605.2","a":"0.3266","A":"66954.8","T":1662022862651,"E":1662022862656}
{"e":"bookTicker","u":1875304548616,"s":"TURBOUSDT","b":"0.3265","B":"113145.4","a":"0.3266","A":"66954.8","T":1662022862769,"E":1662022862776}
{"e":"bookTicker","u":1875304549116,"s":"TURBOUSDT","b":"0.3265","B":"112145.4","a":"0.3266","A":"66954.8","T":1662022862772,"E":1662022862781}
{"e":"bookTicker","u":1875304549648,"s":"TURBOUSDT","b":"0.3265","B":"120656.5","a":"0.3266","A":"66954.8","T":1662022862782,"E":1662022862788}
{"e":"bookTicker","u":1875304550591,"s":"TURBOUSDT","b":"0.3265","B":"119354.8","a":"0.3266","A":"66954.8","T":1662022862807,"E":1662022862813}
{"e":"bookTicker","u":1875304552793,"s":"TURBOUSDT","b":"0.3265","B":"136814.6","a":"0.3266","A":"66954.8","T":1662022862873,"E":1662022862878}
{"e":"bookTicker","u":1875304553480,"s":"TURBOUSDT","b":"0.3265","B":"163740.5","a":"0.3266","A":"66954.8","T":1662022862892,"E":1662022862897}
{"e":"bookTicker","u":1875304554595,"s":"TURBOUSDT","b":"0.3265","B":"146280.7","a":"0.3266","A":"66954.8","T":1662022862929,"E":1662022862933}
{"e":"bookTicker","u":1875304554778,"s":"TURBOUSDT","b":"0.3265","B":"146280.7","a":"0.3266","A":"76454.8","T":1662022862934,"E":1662022862940}
{"e":"bookTicker","u":1875304555196,"s":"TURBOUSDT","b":"0.3265","B":"146280.7","a":"0.3266","A":"87722.4","T":1662022862943,"E":1662022862948}
{"e":"bookTicker","u":1875304561384,"s":"TURBOUSDT","b":"0.3265","B":"145719.3","a":"0.3266","A":"87722.4","T":1662022863074,"E":1662022863077}
{"e":"bookTicker","u":1875304561867,"s":"TURBOUSDT","b":"0.3265","B":"146524.0","a":"0.3266","A":"87722.4","T":1662022863083,"E":1662022863088}
{"e":"bookTicker","u":1875304562661,"s":"TURBOUSDT","b":"0.3265","B":"146524.0","a":"0.3266","A":"78222.4","T":1662022863106,"E":1662022863111}
{"e":"bookTicker","u":1875304566699,"s":"TURBOUSDT","b":"0.3265","B":"147476.2","a":"0.3266","A":"78222.4","T":1662022863207,"E":1662022863211}
{"e":"bookTicker","u":1875304567097,"s":"TURBOUSDT","b":"0.3265","B":"146524.0","a":"0.3266","A":"78222.4","T":1662022863213,"E":1662022863217}
{"e":"bookTicker","u":1875304567866,"s":"TURBOUSDT","b":"0.3265","B":"146595.3","a":"0.3266","A":"78222.4","T":1662022863235,"E":1662022863240}
{"e":"bookTicker","u":1875304571218,"s":"FISHUSDT","b":"0.13400","B":"550","a":"0.13401","A":"1855","T":1662022863348,"E":1662022863354}
{"e":"bookTicker","u":1875304572267,"s":"TURBOUSDT","b":"0.3265","B":"147547.5","a":"0.3266","A":"78222.4","T":1662022863384,"E":1662022863388}
{"e":"bookTicker","u":1875304572381,"s":"TURBOUSDT","b":"0.3265","B":"146595.3","a":"0.3266","A":"78222.4","T":1662022863389,"E":1662022863394}
{"e":"bookTicker","u":1875304572821,"s":"TURBOUSDT","b":"0.3265","B":"146595.3","a":"0.3266","A":"77497.6","T":1662022863404,"E":1662022863409}
{"e":"bookTicker","u":1875304573051,"s":"TURBOUSDT","b":"0.3265","B":"146895.3","a":"0.3266","A":"77497.6","T":1662022863413,"E":1662022863417}
{"e":"bookTicker","u":1875304575708,"s":"TURBOUSDT","b":"0.3265","B":"146868.0","a":"0.3266","A":"77497.6","T":1662022863496,"E":1662022863500}
{"e":"bookTicker","u":1875304575869,"s":"TURBOUSDT","b":"0.3265","B":"146919.5","a":"0.3266","A":"77497.6","T":1662022863502,"E":1662022863508}
{"e":"bookTicker","u":1875304585784,"s":"FISHUSDT","b":"0.13400","B":"550","a":"0.13401","A":"103","T":1662022863826,"E":1662022863831}
{"e":"bookTicker","u":1875304589125,"s":"TURBOUSDT","b":"0.3265","B":"146919.5","a":"0.3266","A":"77661.4","T":1662022863950,"E":1662022863956}
{"e":"bookTicker","u":1875304590999,"s":"TURBOUSDT","b":"0.3265","B":"147871.7","a":"0.3266","A":"77661.4","T":1662022864010,"E":1662022864013}
{"e":"bookTicker","u":1875304591860,"s":"TURBOUSDT","b":"0.3265","B":"147871.7","a":"0.3266","A":"78942.9","T":1662022864027,"E":1662022864032}
{"e":"bookTicker","u":1875304593544,"s":"TURBOUSDT","b":"0.3265","B":"147916.8","a":"0.3266","A":"78942.9","T":1662022864060,"E":1662022864065}
{"e":"bookTicker","u":1875304594271,"s":"TURBOUSDT","b":"0.3265","B":"147874.3","a":"0.3266","A":"78942.9","T":1662022864079,"E":1662022864083}
{"e":"bookTicker","u":1875304594517,"s":"TURBOUSDT","b":"0.3265","B":"147921.5","a":"0.3266","A":"78942.9","T":1662022864086,"E":1662022864091}
{"e":"bookTicker","u":1875304597822,"s":"TURBOUSDT","b":"0.3265","B":"148014.3","a":"0.3266","A":"78942.9","T":1662022864180,"E":1662022864185}
{"e":"bookTicker","u":1875304599168,"s":"TURBOUSDT","b":"0.3265","B":"147062.1","a":"0.3266","A":"78942.9","T":1662022864201,"E":1662022864205}
{"e":"bookTicker","u":1875304599540,"s":"TURBOUSDT","b":"0.3265","B":"148014.3","a":"0.3266","A":"78942.9","T":1662022864207,"E":1662022864211}
{"e":"bookTicker","u":1875304599779,"s":"TURBOUSDT","b":"0.3265","B":"147062.1","a":"0.3266","A":"78942.9","T":1662022864212,"E":1662022864217}
{"e":"bookTicker","u":1875304602196,"s":"TURBOUSDT","b":"0.3265","B":"164057.9","a":"0.3266","A":"78942.9","T":1662022864262,"E":1662022864267}
{"e":"bookTicker","u":1875304603294,"s":"TURBOUSDT","b":"0.3265","B":"200539.5","a":"0.3266","A":"78942.9","T":1662022864276,"E":1662022864279}
{"e":"bookTicker","u":1875304604071,"s":"TURBOUSDT","b":"0.3265","B":"199734.8","a":"0.3266","A":"78942.9","T":1662022864287,"E":1662022864292}
{"e":"bookTicker","u":1875304604713,"s":"TURBOUSDT","b":"0.3265","B":"200548.5","a":"0.3266","A":"78942.9","T":1662022864297,"E":1662022864302}
{"e":"bookTicker","u":1875304605973,"s":"TURBOUSDT","b":"0.3265","B":"183552.7","a":"0.3266","A":"78942.9","T":1662022864320,"E":1662022864326}
{"e":"bookTicker","u":1875304608074,"s":"TURBOUSDT","b":"0.3265","B":"181260.1","a":"0.3266","A":"78942.9","T":1662022864362,"E":1662022864366}
{"e":"bookTicker","u":1875304612388,"s":"FISHUSDT","b":"0.13400","B":"550","a":"0.13401","A":"304","T":1662022864468,"E":1662022864473}
{"e":"bookTicker","u":1875304614159,"s":"TURBOUSDT","b":"0.3265","B":"181260.1","a":"0.3266","A":"88442.9","T":1662022864524,"E":1662022864529}
{"e":"bookTicker","u":1875304618204,"s":"TURBOUSDT","b":"0.3265","B":"144778.5","a":"0.3266","A":"88442.9","T":1662022864671,"E":1662022864676}
{"e":"bookTicker","u":1875304621825,"s":"TURBOUSDT","b":"0.3265","B":"144778.5","a":"0.3266","A":"78942.9","T":1662022864770,"E":1662022864774}
{"e":"bookTicker","u":1875304625596,"s":"TURBOUSDT","b":"0.3265","B":"144778.5","a":"0.3266","A":"78779.1","T":1662022864896,"E":1662022864901}
{"e":"bookTicker","u":1875304626908,"s":"TURBOUSDT","b":"0.3265","B":"144617.5","a":"0.3266","A":"78779.1","T":1662022864943,"E":1662022864948}
{"e":"bookTicker","u":1875304628732,"s":"TURBOUSDT","b":"0.3265","B":"145569.7","a":"0.3266","A":"78779.1","T":1662022865005,"E":1662022865010}
{"e":"bookTicker","u":1875304629906,"s":"TURBOUSDT","b":"0.3265","B":"144617.5","a":"0.3266","A":"78779.1","T":1662022865029,"E":1662022865034}
{"e":"bookTicker","u":1875304630142,"s":"TURBOUSDT","b":"0.3265","B":"145569.7","a":"0.3266","A":"78779.1","T":1662022865033,"E":1662022865038}
{"e":"bookTicker","u":1875304630505,"s":"TURBOUSDT","b":"0.3265","B":"144617.5","a":"0.3266","A":"78779.1","T":1662022865039,"E":1662022865044}
{"e":"bookTicker","u":1875304632025,"s":"FISHUSDT","b":"0.13400","B":"550","a":"0.13401","A":"2154","T":1662022865063,"E":1662022865067}
{"e":"bookTicker","u":1875304632676,"s":"FISHUSDT","b":"0.13400","B":"550","a":"0.13401","A":"4004","T":1662022865076,"E":1662022865081}
{"e":"bookTicker","u":1875304632973,"s":"TURBOUSDT","b":"0.3265","B":"144617.5","a":"0.3266","A":"88279.1","T":1662022865082,"E":1662022865086}
{"e":"bookTicker","u":1875304634063,"s":"TURBOUSDT","b":"0.3265","B":"143803.8","a":"0.3266","A":"88279.1","T":1662022865099,"E":1662022865103}
{"e":"bookTicker","u":1875304634261,"s":"TURBOUSDT","b":"0.3265","B":"143803.8","a":"0.3266","A":"90224.9","T":1662022865104,"E":1662022865107}
{"e":"bookTicker","u":1875304634524,"s":"TURBOUSDT","b":"0.3265","B":"144621.1","a":"0.3266","A":"90224.9","T":1662022865106,"E":1662022865109}
{"e":"bookTicker","u":1875304634581,"s":"FISHUSDT","b":"0.13405","B":"4706","a":"0.13406","A":"5741","T":1662022865107,"E":1662022865109}
{"e":"bookTicker","u":1875304634794,"s":"TURBOUSDT","b":"0.3265","B":"135121.1","a":"0.3266","A":"90224.9","T":1662022865111,"E":1662022865115}
{"e":"bookTicker","u":1875304635060,"s":"FISHUSDT","b":"0.13405","B":"4706","a":"0.13406","A":"5213","T":1662022865114,"E":1662022865119}
{"e":"bookTicker","u":1875304635531,"s":"FISHUSDT","b":"0.13405","B":"4706","a":"0.13406","A":"3363","T":1662022865118,"E":1662022865123}
{"e":"bookTicker","u":1875304635733,"s":"TURBOUSDT","b":"0.3265","B":"135121.1","a":"0.3266","A":"90219.0","T":1662022865120,"E":1662022865124}
{"e":"bookTicker","u":1875304636072,"s":"TURBOUSDT","b":"0.3265","B":"134821.1","a":"0.3266","A":"90219.0","T":1662022865124,"E":1662022865128}
{"e":"bookTicker","u":1875304636130,"s":"TURBOUSDT","b":"0.3265","B":"144321.1","a":"0.3266","A":"90219.0","T":1662022865125,"E":1662022865129}
{"e":"bookTicker","u":1875304637070,"s":"TURBOUSDT","b":"0.3265","B":"144321.1","a":"0.3266","A":"92994.0","T":1662022865137,"E":1662022865140}
{"e":"bookTicker","u":1875304636315,"s":"FISHUSDT","b":"0.13405","B":"4706","a":"0.13406","A":"5213","T":1662022865127,"E":1662022865131}
{"e":"bookTicker","u":1875304638099,"s":"TURBOUSDT","b":"0.3265","B":"134821.1","a":"0.3266","A":"92994.0","T":1662022865153,"E":1662022865157}
{"e":"bookTicker","u":1875304641085,"s":"TURBOUSDT","b":"0.3265","B":"134821.1","a":"0.3266","A":"95544.0","T":1662022865190,"E":1662022865194}
{"e":"bookTicker","u":1875304641292,"s":"FISHUSDT","b":"0.13405","B":"4706","a":"0.13406","A":"7063","T":1662022865194,"E":1662022865198}
{"e":"bookTicker","u":1875304642235,"s":"TURBOUSDT","b":"0.3265","B":"134099.4","a":"0.3266","A":"95544.0","T":1662022865204,"E":1662022865209}
{"e":"bookTicker","u":1875304642899,"s":"TURBOUSDT","b":"0.3265","B":"134099.4","a":"0.3266","A":"92994.0","T":1662022865215,"E":1662022865220}
{"e":"bookTicker","u":1875304645009,"s":"TURBOUSDT","b":"0.3265","B":"130199.0","a":"0.3266","A":"92994.0","T":1662022865233,"E":1662022865241}
{"e":"bookTicker","u":1875304645010,"s":"TURBOUSDT","b":"0.3265","B":"125565.2","a":"0.3266","A":"92994.0","T":1662022865233,"E":1662022865241}
{"e":"bookTicker","u":1875304645120,"s":"TURBOUSDT","b":"0.3265","B":"115304.5","a":"0.3266","A":"92994.0","T":1662022865233,"E":1662022865243}
{"e":"bookTicker","u":1875304645212,"s":"TURBOUSDT","b":"0.3265","B":"106793.4","a":"0.3266","A":"92994.0","T":1662022865234,"E":1662022865244}
{"e":"bookTicker","u":1875304645780,"s":"TURBOUSDT","b":"0.3265","B":"107660.7","a":"0.3266","A":"92994.0","T":1662022865240,"E":1662022865248}
{"e":"bookTicker","u":1875304646317,"s":"FISHUSDT","b":"0.13401","B":"3186","a":"0.13406","A":"7063","T":1662022865244,"E":1662022865252}
{"e":"bookTicker","u":1875304646786,"s":"TURBOUSDT","b":"0.3265","B":"107589.4","a":"0.3266","A":"92994.0","T":1662022865248,"E":1662022865254}
{"e":"bookTicker","u":1875304649617,"s":"FISHUSDT","b":"0.13401","B":"1336","a":"0.13406","A":"7063","T":1662022865264,"E":1662022865273}
{"e":"bookTicker","u":1875304650117,"s":"TURBOUSDT","b":"0.3265","B":"107589.4","a":"0.3266","A":"108468.2","T":1662022865268,"E":1662022865277}
{"e":"bookTicker","u":1875304650127,"s":"TURBOUSDT","b":"0.3265","B":"107589.4","a":"0.3266","A":"111069.1","T":1662022865268,"E":1662022865277}
{"e":"bookTicker","u":1875304650416,"s":"FISHUSDT","b":"0.13401","B":"1336","a":"0.13405","A":"13434","T":1662022865269,"E":1662022865281}
{"e":"bookTicker","u":1875304651509,"s":"TURBOUSDT","b":"0.3265","B":"101517.0","a":"0.3266","A":"111069.1","T":1662022865275,"E":1662022865288}
{"e":"bookTicker","u":1875304651784,"s":"FISHUSDT","b":"0.13401","B":"1336","a":"0.13405","A":"19584","T":1662022865277,"E":1662022865288}
{"e":"bookTicker","u":1875304651917,"s":"TURBOUSDT","b":"0.3265","B":"101590.0","a":"0.3266","A":"111069.1","T":1662022865277,"E":1662022865289}
{"e":"bookTicker","u":1875304653042,"s":"FISHUSDT","b":"0.13401","B":"1336","a":"0.13405","A":"21434","T":1662022865286,"E":1662022865297}
{"e":"bookTicker","u":1875304653891,"s":"FISHUSDT","b":"0.13401","B":"1486","a":"0.13405","A":"21434","T":1662022865290,"E":1662022865304}
{"e":"bookTicker","u":1875304654142,"s":"TURBOUSDT","b":"0.3265","B":"101676.1","a":"0.3266","A":"111069.1","T":1662022865291,"E":1662022865306}
{"e":"bookTicker","u":1875304654796,"s":"TURBOUSDT","b":"0.3265","B":"92176.1","a":"0.3266","A":"111069.1","T":1662022865294,"E":1662022865308}
{"e":"bookTicker","u":1875304655238,"s":"TURBOUSDT","b":"0.3265","B":"82676.1","a":"0.3266","A":"111069.1","T":1662022865298,"E":1662022865315}
{"e":"bookTicker","u":1875304655480,"s":"FISHUSDT","b":"0.13401","B":"150","a":"0.13405","A":"21434","T":1662022865301,"E":1662022865315}
{"e":"bookTicker","u":1875304656765,"s":"TURBOUSDT","b":"0.3265","B":"55750.2","a":"0.3266","A":"111069.1","T":1662022865307,"E":1662022865323}
{"e":"bookTicker","u":1875304657031,"s":"TURBOUSDT","b":"0.3265","B":"55750.2","a":"0.3266","A":"111544.6","T":1662022865309,"E":1662022865324}
{"e":"bookTicker","u":1875304657001,"s":"FISHUSDT","b":"0.13401","B":"150","a":"0.13404","A":"2000","T":1662022865309,"E":1662022865324}
{"e":"bookTicker","u":1875304657157,"s":"TURBOUSDT","b":"0.3265","B":"49692.5","a":"0.3266","A":"111544.6","T":1662022865310,"E":1662022865325}
{"e":"bookTicker","u":1875304657369,"s":"FISHUSDT","b":"0.13401","B":"150","a":"0.13404","A":"5000","T":1662022865311,"E":1662022865327}
{"e":"bookTicker","u":1875304659390,"s":"TURBOUSDT","b":"0.3265","B":"49692.5","a":"0.3266","A":"114094.6","T":1662022865322,"E":1662022865342}
{"e":"bookTicker","u":1875304659492,"s":"TURBOUSDT","b":"0.3265","B":"49692.5","a":"0.3266","A":"111544.6","T":1662022865323,"E":1662022865343}
{"e":"bookTicker","u":1875304660968,"s":"TURBOUSDT","b":"0.3265","B":"49692.5","a":"0.3266","A":"111069.1","T":1662022865331,"E":1662022865351}
{"e":"bookTicker","u":1875304661094,"s":"TURBOUSDT","b":"0.3265","B":"59192.5","a":"0.3266","A":"111069.1","T":1662022865332,"E":1662022865352}
{"e":"bookTicker","u":1875304663039,"s":"TURBOUSDT","b":"0.3265","B":"59192.5","a":"0.3266","A":"114156.1","T":1662022865343,"E":1662022865367}
{"e":"bookTicker","u":1875304664029,"s":"FISHUSDT","b":"0.13401","B":"150","a":"0.13403","A":"1850","T":1662022865349,"E":1662022865370}
{"e":"bookTicker","u":1875304668905,"s":"TURBOUSDT","b":"0.3265","B":"57246.7","a":"0.3266","A":"114156.1","T":1662022865382,"E":1662022865403}
{"e":"bookTicker","u":1875304670123,"s":"TURBOUSDT","b":"0.3265","B":"51740.4","a":"0.3266","A":"114156.1","T":1662022865392,"E":1662022865411}
{"e":"bookTicker","u":1875304671415,"s":"FISHUSDT","b":"0.13400","B":"430","a":"0.13403","A":"1850","T":1662022865404,"E":1662022865421}
{"e":"bookTicker","u":1875304674570,"s":"TURBOUSDT","b":"0.3265","B":"50873.1","a":"0.3266","A":"114156.1","T":1662022865430,"E":1662022865445}
{"e":"bookTicker","u":1875304675497,"s":"TURBOUSDT","b":"0.3265","B":"59321.9","a":"0.3266","A":"114156.1","T":1662022865438,"E":1662022865450}
{"e":"bookTicker","u":1875304677006,"s":"FISHUSDT","b":"0.13400","B":"430","a":"0.13402","A":"2000","T":1662022865454,"E":1662022865461}
{"e":"bookTicker","u":1875304677901,"s":"FISHUSDT","b":"0.13400","B":"430","a":"0.13402","A":"5000","T":1662022865461,"E":1662022865470}
{"e":"bookTicker","u":1875304679339,"s":"TURBOUSDT","b":"0.3265","B":"54321.9","a":"0.3266","A":"114156.1","T":1662022865473,"E":1662022865488}
{"e":"bookTicker","u":1875304681648,"s":"FISHUSDT","b":"0.13400","B":"430","a":"0.13402","A":"6850","T":1662022865498,"E":1662022865513}
{"e":"bookTicker","u":1875304681746,"s":"FISHUSDT","b":"0.13400","B":"430","a":"0.13401","A":"1850","T":1662022865500,"E":1662022865514}
{"e":"bookTicker","u":1875304683043,"s":"TURBOUSDT","b":"0.3265","B":"54321.9","a":"0.3266","A":"98681.9","T":1662022865514,"E":1662022865527}
{"e":"bookTicker","u":1875304684894,"s":"TURBOUSDT","b":"0.3265","B":"59321.9","a":"0.3266","A":"98681.9","T":1662022865539,"E":1662022865544}
{"e":"bookTicker","u":1875304686242,"s":"TURBOUSDT","b":"0.3265","B":"65394.3","a":"0.3266","A":"98681.9","T":1662022865559,"E":1662022865563}
{"e":"bookTicker","u":1875304686281,"s":"TURBOUSDT","b":"0.3265","B":"71452.0","a":"0.3266","A":"98681.9","T":1662022865559,"E":1662022865563}
{"e":"bookTicker","u":1875304686975,"s":"TURBOUSDT","b":"0.3265","B":"71452.0","a":"0.3266","A":"116913.9","T":1662022865571,"E":1662022865575}
{"e":"bookTicker","u":1875304688499,"s":"TURBOUSDT","b":"0.3265","B":"80952.0","a":"0.3266","A":"116913.9","T":1662022865599,"E":1662022865605}
{"e":"bookTicker","u":1875304688572,"s":"TURBOUSDT","b":"0.3265","B":"80952.0","a":"0.3266","A":"98681.9","T":1662022865600,"E":1662022865605}
{"e":"bookTicker","u":1875304689079,"s":"TURBOUSDT","b":"0.3265","B":"80952.0","a":"0.3266","A":"95594.9","T":1662022865608,"E":1662022865613}
{"e":"bookTicker","u":1875304689224,"s":"TURBOUSDT","b":"0.3265","B":"80952.0","a":"0.3266","A":"114899.3","T":1662022865609,"E":1662022865615}
{"e":"bookTicker","u":1875304689442,"s":"TURBOUSDT","b":"0.3265","B":"90452.0","a":"0.3266","A":"114899.3","T":1662022865614,"E":1662022865619}
{"e":"bookTicker","u":1875304689686,"s":"TURBOUSDT","b":"0.3265","B":"90452.0","a":"0.3266","A":"95594.9","T":1662022865619,"E":1662022865624}
{"e":"bookTicker","u":1875304690141,"s":"TURBOUSDT","b":"0.3265","B":"90452.0","a":"0.3266","A":"114746.1","T":1662022865629,"E":1662022865635}
{"e":"bookTicker","u":1875304690913,"s":"TURBOUSDT","b":"0.3265","B":"98587.9","a":"0.3266","A":"114746.1","T":1662022865647,"E":1662022865652}
{"e":"bookTicker","u":1875304691806,"s":"TURBOUSDT","b":"0.3265","B":"99488.0","a":"0.3266","A":"114746.1","T":1662022865666,"E":1662022865672}
{"e":"bookTicker","u":1875304693151,"s":"FISHUSDT","b":"0.13398","B":"150","a":"0.13401","A":"1850","T":1662022865694,"E":1662022865699}
{"e":"bookTicker","u":1875304694801,"s":"TURBOUSDT","b":"0.3265","B":"99488.0","a":"0.3266","A":"95594.9","T":1662022865720,"E":1662022865725}
{"e":"bookTicker","u":1875304695769,"s":"TURBOUSDT","b":"0.3265","B":"99488.0","a":"0.3266","A":"111988.3","T":1662022865740,"E":1662022865744}
{"e":"bookTicker","u":1875304696533,"s":"TURBOUSDT","b":"0.3265","B":"99488.0","a":"0.3266","A":"101988.3","T":1662022865757,"E":1662022865761}
{"e":"bookTicker","u":1875304696942,"s":"TURBOUSDT","b":"0.3265","B":"99488.0","a":"0.3266","A":"99213.3","T":1662022865766,"E":1662022865770}
{"e":"bookTicker","u":1875304697218,"s":"TURBOUSDT","b":"0.3265","B":"99488.0","a":"0.3266","A":"96612.4","T":1662022865773,"E":1662022865778}
{"e":"bookTicker","u":1875304697580,"s":"TURBOUSDT","b":"0.3265","B":"99488.0","a":"0.3266","A":"98908.8","T":1662022865781,"E":1662022865786}
{"e":"bookTicker","u":1875304697988,"s":"TURBOUSDT","b":"0.3265","B":"99788.0","a":"0.3266","A":"98908.8","T":1662022865791,"E":1662022865795}
{"e":"bookTicker","u":1875304699061,"s":"TURBOUSDT","b":"0.3265","B":"99788.0","a":"0.3266","A":"82515.4","T":1662022865818,"E":1662022865822}
{"e":"bookTicker","u":1875304702294,"s":"TURBOUSDT","b":"0.3265","B":"99788.0","a":"0.3266","A":"99674.9","T":1662022865905,"E":1662022865910}
{"e":"bookTicker","u":1875304702987,"s":"TURBOUSDT","b":"0.3265","B":"99788.0","a":"0.3266","A":"90174.9","T":1662022865919,"E":1662022865924}
{"e":"bookTicker","u":1875304704151,"s":"TURBOUSDT","b":"0.3265","B":"99788.0","a":"0.3266","A":"99674.9","T":1662022865943,"E":1662022865948}
{"e":"bookTicker","u":1875304704383,"s":"TURBOUSDT","b":"0.3265","B":"99788.0","a":"0.3266","A":"98478.1","T":1662022865947,"E":1662022865952}
{"e":"bookTicker","u":1875304704749,"s":"TURBOUSDT","b":"0.3265","B":"99788.0","a":"0.3266","A":"88978.1","T":1662022865954,"E":1662022865959}
{"e":"bookTicker","u":1875304705257,"s":"TURBOUSDT","b":"0.3265","B":"99788.0","a":"0.3266","A":"98478.1","T":1662022865964,"E":1662022865968}
{"e":"bookTicker","u":1875304707134,"s":"TURBOUSDT","b":"0.3265","B":"99788.0","a":"0.3266","A":"81318.6","T":1662022866010,"E":1662022866016}
{"e":"bookTicker","u":1875304707624,"s":"TURBOUSDT","b":"0.3265","B":"100740.2","a":"0.3266","A":"81318.6","T":1662022866022,"E":1662022866027}
{"e":"bookTicker","u":1875304707838,"s":"TURBOUSDT","b":"0.3265","B":"99788.0","a":"0.3266","A":"81318.6","T":1662022866027,"E":1662022866033}
{"e":"bookTicker","u":1875304708548,"s":"TURBOUSDT","b":"0.3265","B":"99788.0","a":"0.3266","A":"98324.9","T":1662022866037,"E":1662022866043}
{"e":"bookTicker","u":1875304710660,"s":"TURBOUSDT","b":"0.3265","B":"90288.0","a":"0.3266","A":"98324.9","T":1662022866055,"E":1662022866065}
{"e":"bookTicker","u":1875304711951,"s":"TURBOUSDT","b":"0.3265","B":"90332.5","a":"0.3266","A":"98324.9","T":1662022866068,"E":1662022866076}
{"e":"bookTicker","u":1875304712807,"s":"TURBOUSDT","b":"0.3265","B":"90332.5","a":"0.3266","A":"101099.9","T":1662022866074,"E":1662022866082}
{"e":"bookTicker","u":1875304715162,"s":"TURBOUSDT","b":"0.3265","B":"99832.5","a":"0.3266","A":"101099.9","T":1662022866105,"E":1662022866109}
{"e":"bookTicker","u":1875304716072,"s":"TURBOUSDT","b":"0.3265","B":"99832.5","a":"0.3266","A":"84093.6","T":1662022866114,"E":1662022866121}
{"e":"bookTicker","u":1875304716147,"s":"TURBOUSDT","b":"0.3265","B":"99832.5","a":"0.3266","A":"81318.6","T":1662022866115,"E":1662022866121}
{"e":"bookTicker","u":1875304719795,"s":"TURBOUSDT","b":"0.3265","B":"99832.5","a":"0.3266","A":"81257.2","T":1662022866154,"E":1662022866159}
{"e":"bookTicker","u":1875304720090,"s":"TURBOUSDT","b":"0.3265","B":"99832.5","a":"0.3266","A":"71757.2","T":1662022866160,"E":1662022866165}
{"e":"bookTicker","u":1875304724122,"s":"TURBOUSDT","b":"0.3265","B":"99832.5","a":"0.3266","A":"81257.2","T":1662022866208,"E":1662022866214}
{"e":"bookTicker","u":1875304728798,"s":"TURBOUSDT","b":"0.3265","B":"99832.5","a":"0.3266","A":"101021.3","T":1662022866268,"E":1662022866272}
{"e":"bookTicker","u":1875304729527,"s":"TURBOUSDT","b":"0.3265","B":"99832.5","a":"0.3266","A":"103796.3","T":1662022866275,"E":1662022866279}
{"e":"bookTicker","u":1875304731748,"s":"TURBOUSDT","b":"0.3265","B":"99832.5","a":"0.3266","A":"84032.2","T":1662022866304,"E":1662022866308}
{"e":"bookTicker","u":1875304731988,"s":"TURBOUSDT","b":"0.3265","B":"99746.4","a":"0.3266","A":"84032.2","T":1662022866307,"E":1662022866313}
{"e":"bookTicker","u":1875304732368,"s":"TURBOUSDT","b":"0.3265","B":"98929.1","a":"0.3266","A":"84032.2","T":1662022866312,"E":1662022866317}
{"e":"bookTicker","u":1875304732428,"s":"TURBOUSDT","b":"0.3265","B":"99015.3","a":"0.3266","A":"84032.2","T":1662022866313,"E":1662022866317}
{"e":"bookTicker","u":1875304732741,"s":"TURBOUSDT","b":"0.3265","B":"99898.5","a":"0.3266","A":"84032.2","T":1662022866319,"E":1662022866323}
{"e":"bookTicker","u":1875304734128,"s":"TURBOUSDT","b":"0.3265","B":"100315.8","a":"0.3266","A":"84032.2","T":1662022866342,"E":1662022866347}
{"e":"bookTicker","u":1875304734526,"s":"TURBOUSDT","b":"0.3265","B":"100331.9","a":"0.3266","A":"84032.2","T":1662022866349,"E":1662022866353}
{"e":"bookTicker","u":1875304735944,"s":"TURBOUSDT","b":"0.3265","B":"100331.9","a":"0.3266","A":"83899.5","T":1662022866373,"E":1662022866378}
{"e":"bookTicker","u":1875304738502,"s":"TURBOUSDT","b":"0.3265","B":"100331.9","a":"0.3266","A":"74399.5","T":1662022866415,"E":1662022866421}
{"e":"bookTicker","u":1875304738608,"s":"FISHUSDT","b":"0.13398","B":"150","a":"0.13400","A":"3000","T":1662022866417,"E":1662022866421}
{"e":"bookTicker","u":1875304739418,"s":"FISHUSDT","b":"0.13398","B":"150","a":"0.13400","A":"4850","T":1662022866432,"E":1662022866437}
{"e":"bookTicker","u":1875304739440,"s":"FISHUSDT","b":"0.13398","B":"150","a":"0.13399","A":"1850","T":1662022866432,"E":1662022866437}
{"e":"bookTicker","u":1875304741943,"s":"TURBOUSDT","b":"0.3265","B":"100743.5","a":"0.3266","A":"74399.5","T":1662022866487,"E":1662022866492}
{"e":"bookTicker","u":1875304745233,"s":"TURBOUSDT","b":"0.3265","B":"100743.5","a":"0.3266","A":"71624.5","T":1662022866577,"E":1662022866582}
{"e":"bookTicker","u":1875304748897,"s":"TURBOUSDT","b":"0.3265","B":"100743.5","a":"0.3266","A":"81124.5","T":1662022866694,"E":1662022866700}
{"e":"bookTicker","u":1875304749224,"s":"TURBOUSDT","b":"0.3265","B":"100331.9","a":"0.3266","A":"81124.5","T":1662022866704,"E":1662022866709}
{"e":"bookTicker","u":1875304749721,"s":"TURBOUSDT","b":"0.3265","B":"101238.7","a":"0.3266","A":"81124.5","T":1662022866723,"E":1662022866727}
{"e":"bookTicker","u":1875304751289,"s":"TURBOUSDT","b":"0.3265","B":"91738.7","a":"0.3266","A":"81124.5","T":1662022866763,"E":1662022866769}
{"e":"bookTicker","u":1875304752228,"s":"TURBOUSDT","b":"0.3265","B":"91738.7","a":"0.3266","A":"100582.1","T":1662022866784,"E":1662022866789}
{"e":"bookTicker","u":1875304752798,"s":"TURBOUSDT","b":"0.3265","B":"91738.7","a":"0.3266","A":"81124.5","T":1662022866794,"E":1662022866798}
{"e":"bookTicker","u":1875304753440,"s":"TURBOUSDT","b":"0.3265","B":"101238.7","a":"0.3266","A":"81124.5","T":1662022866806,"E":1662022866810}
{"e":"bookTicker","u":1875304754483,"s":"TURBOUSDT","b":"0.3265","B":"101238.7","a":"0.3266","A":"83899.5","T":1662022866829,"E":1662022866835}
{"e":"bookTicker","u":1875304755211,"s":"TURBOUSDT","b":"0.3265","B":"101238.7","a":"0.3266","A":"74399.5","T":1662022866844,"E":1662022866850}
{"e":"bookTicker","u":1875304755452,"s":"TURBOUSDT","b":"0.3265","B":"103184.5","a":"0.3266","A":"74399.5","T":1662022866850,"E":1662022866855}
{"e":"bookTicker","u":1875304755623,"s":"TURBOUSDT","b":"0.3265","B":"103184.5","a":"0.3266","A":"71624.5","T":1662022866853,"E":1662022866859}
{"e":"bookTicker","u":1875304760068,"s":"TURBOUSDT","b":"0.3265","B":"103184.5","a":"0.3266","A":"69710.9","T":1662022866953,"E":1662022866959}
{"e":"bookTicker","u":1875304760990,"s":"TURBOUSDT","b":"0.3265","B":"110456.2","a":"0.3266","A":"69710.9","T":1662022866977,"E":1662022866982}
{"e":"bookTicker","u":1875304761923,"s":"TURBOUSDT","b":"0.3265","B":"111408.4","a":"0.3266","A":"69710.9","T":1662022867008,"E":1662022867014}
{"e":"bookTicker","u":1875304765281,"s":"TURBOUSDT","b":"0.3265","B":"111361.2","a":"0.3266","A":"69710.9","T":1662022867094,"E":1662022867099}
{"e":"bookTicker","u":1875304765555,"s":"TURBOUSDT","b":"0.3265","B":"111411.5","a":"0.3266","A":"69710.9","T":1662022867100,"E":1662022867106}
{"e":"bookTicker","u":1875304765891,"s":"TURBOUSDT","b":"0.3265","B":"111411.5","a":"0.3266","A":"79210.9","T":1662022867109,"E":1662022867117}
{"e":"bookTicker","u":1875304766294,"s":"TURBOUSDT","b":"0.3265","B":"111411.5","a":"0.3266","A":"69710.9","T":1662022867118,"E":1662022867123}
{"e":"bookTicker","u":1875304766614,"s":"TURBOUSDT","b":"0.3265","B":"110528.3","a":"0.3266","A":"69710.9","T":1662022867128,"E":1662022867132}
{"e":"bookTicker","u":1875304766813,"s":"TURBOUSDT","b":"0.3265","B":"111406.7","a":"0.3266","A":"69710.9","T":1662022867134,"E":1662022867138}
{"e":"bookTicker","u":1875304766901,"s":"TURBOUSDT","b":"0.3265","B":"111422.8","a":"0.3266","A":"69710.9","T":1662022867137,"E":1662022867143}
{"e":"bookTicker","u":1875304767417,"s":"TURBOUSDT","b":"0.3265","B":"110516.0","a":"0.3266","A":"69710.9","T":1662022867154,"E":1662022867159}
{"e":"bookTicker","u":1875304767734,"s":"TURBOUSDT","b":"0.3265","B":"110516.0","a":"0.3266","A":"79210.9","T":1662022867166,"E":1662022867170}
{"e":"bookTicker","u":1875304768716,"s":"TURBOUSDT","b":"0.3265","B":"111926.1","a":"0.3266","A":"79210.9","T":1662022867196,"E":1662022867202}
{"e":"bookTicker","u":1875304768912,"s":"TURBOUSDT","b":"0.3265","B":"111662.7","a":"0.3266","A":"79210.9","T":1662022867202,"E":1662022867206}
{"e":"bookTicker","u":1875304769076,"s":"TURBOUSDT","b":"0.3265","B":"111926.0","a":"0.3266","A":"79210.9","T":1662022867207,"E":1662022867214}
{"e":"bookTicker","u":1875304769394,"s":"TURBOUSDT","b":"0.3265","B":"111926.0","a":"0.3266","A":"109816.7","T":1662022867216,"E":1662022867222}
{"e":"bookTicker","u":1875304770851,"s":"FISHUSDT","b":"0.13398","B":"700","a":"0.13399","A":"1850","T":1662022867259,"E":1662022867264}
{"e":"bookTicker","u":1875304775819,"s":"TURBOUSDT","b":"0.3265","B":"110515.9","a":"0.3266","A":"109816.7","T":1662022867404,"E":1662022867409}
{"e":"bookTicker","u":1875304776918,"s":"TURBOUSDT","b":"0.3265","B":"111051.1","a":"0.3266","A":"109816.7","T":1662022867433,"E":1662022867438}
{"e":"bookTicker","u":1875304777180,"s":"TURBOUSDT","b":"0.3265","B":"111051.1","a":"0.3266","A":"109710.3","T":1662022867440,"E":1662022867443}
{"e":"bookTicker","u":1875304783602,"s":"TURBOUSDT","b":"0.3265","B":"111051.1","a":"0.3266","A":"100210.3","T":1662022867603,"E":1662022867607}
{"e":"bookTicker","u":1875304789163,"s":"TURBOUSDT","b":"0.3265","B":"110098.9","a":"0.3266","A":"100210.3","T":1662022867734,"E":1662022867738}
{"e":"bookTicker","u":1875304789850,"s":"TURBOUSDT","b":"0.3265","B":"110098.9","a":"0.3266","A":"109710.3","T":1662022867751,"E":1662022867755}
{"e":"bookTicker","u":1875304790143,"s":"TURBOUSDT","b":"0.3265","B":"100598.9","a":"0.3266","A":"109710.3","T":1662022867759,"E":1662022867763}
{"e":"bookTicker","u":1875304790937,"s":"TURBOUSDT","b":"0.3265","B":"110098.9","a":"0.3266","A":"109710.3","T":1662022867778,"E":1662022867783}
{"e":"bookTicker","u":1875304792138,"s":"TURBOUSDT","b":"0.3265","B":"111051.1","a":"0.3266","A":"109710.3","T":1662022867811,"E":1662022867815}
{"e":"bookTicker","u":1875304795004,"s":"TURBOUSDT","b":"0.3265","B":"111051.1","a":"0.3266","A":"100210.3","T":1662022867912,"E":1662022867916}
{"e":"bookTicker","u":1875304796756,"s":"TURBOUSDT","b":"0.3265","B":"111241.6","a":"0.3266","A":"100210.3","T":1662022867965,"E":1662022867970}
{"e":"bookTicker","u":1875304800579,"s":"TURBOUSDT","b":"0.3265","B":"110289.4","a":"0.3266","A":"100210.3","T":1662022868050,"E":1662022868058}
{"e":"bookTicker","u":1875304800920,"s":"TURBOUSDT","b":"0.3265","B":"110289.4","a":"0.3266","A":"99910.3","T":1662022868054,"E":1662022868059}
{"e":"bookTicker","u":1875304801394,"s":"TURBOUSDT","b":"0.3265","B":"110392.0","a":"0.3266","A":"99910.3","T":1662022868057,"E":1662022868065}
{"e":"bookTicker","u":1875304801602,"s":"TURBOUSDT","b":"0.3265","B":"111344.2","a":"0.3266","A":"99910.3","T":1662022868058,"E":1662022868066}
{"e":"bookTicker","u":1875304802029,"s":"TURBOUSDT","b":"0.3265","B":"111344.2","a":"0.3266","A":"81762.0","T":1662022868061,"E":1662022868067}
{"e":"bookTicker","u":1875304803119,"s":"TURBOUSDT","b":"0.3265","B":"130817.5","a":"0.3266","A":"81762.0","T":1662022868064,"E":1662022868075}
{"e":"bookTicker","u":1875304804281,"s":"TURBOUSDT","b":"0.3265","B":"167365.0","a":"0.3266","A":"81762.0","T":1662022868070,"E":1662022868082}
{"e":"bookTicker","u":1875304804182,"s":"FISHUSDT","b":"0.13398","B":"700","a":"0.13402","A":"1850","T":1662022868070,"E":1662022868082}
{"e":"bookTicker","u":1875304804695,"s":"FISHUSDT","b":"0.13398","B":"700","a":"0.13403","A":"3990","T":1662022868073,"E":1662022868086}
{"e":"bookTicker","u":1875304804820,"s":"FISHUSDT","b":"0.13398","B":"700","a":"0.13404","A":"8405","T":1662022868074,"E":1662022868086}
{"e":"bookTicker","u":1875304805388,"s":"TURBOUSDT","b":"0.3265","B":"167521.8","a":"0.3266","A":"81762.0","T":1662022868077,"E":1662022868090}
{"e":"bookTicker","u":1875304806006,"s":"TURBOUSDT","b":"0.3265","B":"167521.8","a":"0.3266","A":"79816.2","T":1662022868079,"E":1662022868093}
{"e":"bookTicker","u":1875304805907,"s":"FISHUSDT","b":"0.13398","B":"2550","a":"0.13404","A":"8405","T":1662022868079,"E":1662022868093}
{"e":"bookTicker","u":1875304806431,"s":"TURBOUSDT","b":"0.3265","B":"167566.0","a":"0.3266","A":"79816.2","T":1662022868082,"E":1662022868097}
{"e":"bookTicker","u":1875304806397,"s":"FISHUSDT","b":"0.13398","B":"2550","a":"0.13404","A":"12395","T":1662022868082,"E":1662022868097}
{"e":"bookTicker","u":1875304808884,"s":"TURBOUSDT","b":"0.3265","B":"183053.1","a":"0.3266","A":"79816.2","T":1662022868099,"E":1662022868120}
{"e":"bookTicker","u":1875304809078,"s":"TURBOUSDT","b":"0.3265","B":"183528.6","a":"0.3266","A":"79816.2","T":1662022868100,"E":1662022868121}
{"e":"bookTicker","u":1875304809182,"s":"FISHUSDT","b":"0.13398","B":"700","a":"0.13404","A":"12395","T":1662022868101,"E":1662022868121}
{"e":"bookTicker","u":1875304810553,"s":"FISHUSDT","b":"0.13398","B":"700","a":"0.13404","A":"14245","T":1662022868108,"E":1662022868135}
{"e":"bookTicker","u":1875304810573,"s":"FISHUSDT","b":"0.13398","B":"700","a":"0.13404","A":"13202","T":1662022868108,"E":1662022868135}
{"e":"bookTicker","u":1875304811165,"s":"FISHUSDT","b":"0.13398","B":"700","a":"0.13404","A":"9212","T":1662022868113,"E":1662022868142}
{"e":"bookTicker","u":1875304811235,"s":"FISHUSDT","b":"0.13398","B":"700","a":"0.13404","A":"9824","T":1662022868114,"E":1662022868142}
{"e":"bookTicker","u":1875304812705,"s":"TURBOUSDT","b":"0.3265","B":"183053.1","a":"0.3266","A":"79816.2","T":1662022868124,"E":1662022868153}
{"e":"bookTicker","u":1875304812841,"s":"FISHUSDT","b":"0.13398","B":"700","a":"0.13404","A":"7974","T":1662022868125,"E":1662022868153}
{"e":"bookTicker","u":1875304812960,"s":"FISHUSDT","b":"0.13398","B":"700","a":"0.13403","A":"612","T":1662022868126,"E":1662022868153}
{"e":"bookTicker","u":1875304813086,"s":"FISHUSDT","b":"0.13398","B":"2550","a":"0.13403","A":"612","T":1662022868127,"E":1662022868154}
{"e":"bookTicker","u":1875304813171,"s":"FISHUSDT","b":"0.13398","B":"2550","a":"0.13404","A":"7974","T":1662022868128,"E":1662022868154}
{"e":"bookTicker","u":1875304813210,"s":"FISHUSDT","b":"0.13398","B":"2550","a":"0.13404","A":"5042","T":1662022868128,"E":1662022868154}
{"e":"bookTicker","u":1875304813453,"s":"FISHUSDT","b":"0.13398","B":"2550","a":"0.13403","A":"1909","T":1662022868130,"E":1662022868155}
{"e":"bookTicker","u":1875304814397,"s":"FISHUSDT","b":"0.13398","B":"4400","a":"0.13403","A":"1909","T":1662022868144,"E":1662022868163}
{"e":"bookTicker","u":1875304816751,"s":"FISHUSDT","b":"0.13398","B":"4400","a":"0.13403","A":"4909","T":1662022868170,"E":1662022868181}
{"e":"bookTicker","u":1875304819440,"s":"FISHUSDT","b":"0.13398","B":"4400","a":"0.13403","A":"3000","T":1662022868209,"E":1662022868213}
{"e":"bookTicker","u":1875304821571,"s":"TURBOUSDT","b":"0.3265","B":"209917.9","a":"0.3266","A":"79816.2","T":1662022868233,"E":1662022868241}
{"e":"bookTicker","u":1875304822468,"s":"TURBOUSDT","b":"0.3265","B":"190444.6","a":"0.3266","A":"79816.2","T":1662022868250,"E":1662022868254}
{"e":"bookTicker","u":1875304825425,"s":"FISHUSDT","b":"0.13399","B":"2000","a":"0.13403","A":"3000","T":1662022868269,"E":1662022868277}
{"e":"bookTicker","u":1875304825943,"s":"TURBOUSDT","b":"0.3265","B":"190254.1","a":"0.3266","A":"79816.2","T":1662022868272,"E":1662022868281}
{"e":"bookTicker","u":1875304828607,"s":"FISHUSDT","b":"0.13400","B":"1850","a":"0.13403","A":"3000","T":1662022868291,"E":1662022868299}
{"e":"bookTicker","u":1875304828770,"s":"FISHUSDT","b":"0.13400","B":"3700","a":"0.13403","A":"3000","T":1662022868292,"E":1662022868302}
{"e":"bookTicker","u":1875304831132,"s":"TURBOUSDT","b":"0.3265","B":"206481.8","a":"0.3266","A":"79816.2","T":1662022868307,"E":1662022868317}
{"e":"bookTicker","u":1875304831455,"s":"FISHUSDT","b":"0.13400","B":"1850","a":"0.13403","A":"3000","T":1662022868309,"E":1662022868318}
{"e":"bookTicker","u":1875304832076,"s":"TURBOUSDT","b":"0.3265","B":"206408.8","a":"0.3266","A":"79816.2","T":1662022868312,"E":1662022868324}
{"e":"bookTicker","u":1875304833849,"s":"TURBOUSDT","b":"0.3265","B":"206526.1","a":"0.3266","A":"79816.2","T":1662022868324,"E":1662022868337}
{"e":"bookTicker","u":1875304834885,"s":"TURBOUSDT","b":"0.3265","B":"205647.7","a":"0.3266","A":"79816.2","T":1662022868333,"E":1662022868342}
{"e":"bookTicker","u":1875304835288,"s":"TURBOUSDT","b":"0.3265","B":"206604.7","a":"0.3266","A":"79816.2","T":1662022868339,"E":1662022868346}
{"e":"bookTicker","u":1875304838045,"s":"TURBOUSDT","b":"0.3265","B":"206620.8","a":"0.3266","A":"79816.2","T":1662022868377,"E":1662022868382}
{"e":"bookTicker","u":1875304838570,"s":"FISHUSDT","b":"0.13398","B":"4400","a":"0.13403","A":"3000","T":1662022868385,"E":1662022868390}
{"e":"bookTicker","u":1875304839909,"s":"FISHUSDT","b":"0.13398","B":"4400","a":"0.13405","A":"6150","T":1662022868406,"E":1662022868411}
{"e":"bookTicker","u":1875304840050,"s":"TURBOUSDT","b":"0.3265","B":"206620.8","a":"0.3266","A":"79270.7","T":1662022868409,"E":1662022868413}
{"e":"bookTicker","u":1875304840409,"s":"FISHUSDT","b":"0.13398","B":"4400","a":"0.13404","A":"1722","T":1662022868416,"E":1662022868421}
{"e":"bookTicker","u":1875304840442,"s":"FISHUSDT","b":"0.13398","B":"5012","a":"0.13404","A":"1722","T":1662022868417,"E":1662022868423}
{"e":"bookTicker","u":1875304841233,"s":"FISHUSDT","b":"0.13398","B":"5012","a":"0.13404","A":"3572","T":1662022868433,"E":1662022868438}
{"e":"bookTicker","u":1875304841262,"s":"FISHUSDT","b":"0.13398","B":"5012","a":"0.13404","A":"5422","T":1662022868433,"E":1662022868438}
{"e":"bookTicker","u":1875304842065,"s":"FISHUSDT","b":"0.13398","B":"4400","a":"0.13404","A":"5422","T":1662022868447,"E":1662022868452}
{"e":"bookTicker","u":1875304843342,"s":"TURBOUSDT","b":"0.3265","B":"190393.1","a":"0.3266","A":"79270.7","T":1662022868465,"E":1662022868470}
{"e":"bookTicker","u":1875304844117,"s":"TURBOUSDT","b":"0.3265","B":"206620.8","a":"0.3266","A":"79270.7","T":1662022868474,"E":1662022868480}
{"e":"bookTicker","u":1875304844196,"s":"TURBOUSDT","b":"0.3265","B":"206620.8","a":"0.3266","A":"72308.0","T":1662022868474,"E":1662022868480}
{"e":"bookTicker","u":1875304846001,"s":"FISHUSDT","b":"0.13398","B":"4400","a":"0.13404","A":"3572","T":1662022868491,"E":1662022868495}
{"e":"bookTicker","u":1875304848129,"s":"TURBOUSDT","b":"0.3265","B":"206620.8","a":"0.3266","A":"71273.9","T":1662022868514,"E":1662022868518}
{"e":"bookTicker","u":1875304856376,"s":"FISHUSDT","b":"0.13398","B":"4400","a":"0.13404","A":"5422","T":1662022868637,"E":1662022868641}
{"e":"bookTicker","u":1875304861148,"s":"TURBOUSDT","b":"0.3265","B":"206385.2","a":"0.3266","A":"71273.9","T":1662022868735,"E":1662022868740}
{"e":"bookTicker","u":1875304863021,"s":"TURBOUSDT","b":"0.3265","B":"206385.2","a":"0.3266","A":"71573.9","T":1662022868780,"E":1662022868785}
{"e":"bookTicker","u":1875304874122,"s":"TURBOUSDT","b":"0.3265","B":"206535.1","a":"0.3266","A":"71573.9","T":1662022869058,"E":1662022869064}
{"e":"bookTicker","u":1875304874390,"s":"TURBOUSDT","b":"0.3265","B":"190307.4","a":"0.3266","A":"71573.9","T":1662022869062,"E":1662022869067}
{"e":"bookTicker","u":1875304875109,"s":"FISHUSDT","b":"0.13398","B":"4400","a":"0.13403","A":"1850","T":1662022869074,"E":1662022869078}
{"e":"bookTicker","u":1875304875828,"s":"FISHUSDT","b":"0.13398","B":"2550","a":"0.13403","A":"1850","T":1662022869086,"E":1662022869090}
{"e":"bookTicker","u":1875304875869,"s":"FISHUSDT","b":"0.13398","B":"700","a":"0.13403","A":"1850","T":1662022869086,"E":1662022869090}
{"e":"bookTicker","u":1875304876223,"s":"FISHUSDT","b":"0.13398","B":"700","a":"0.13402","A":"3000","T":1662022869092,"E":1662022869097}
{"e":"bookTicker","u":1875304877202,"s":"FISHUSDT","b":"0.13398","B":"700","a":"0.13402","A":"4850","T":1662022869108,"E":1662022869114}
{"e":"bookTicker","u":1875304876730,"s":"TURBOUSDT","b":"0.3265","B":"189355.2","a":"0.3266","A":"71573.9","T":1662022869099,"E":1662022869104}
{"e":"bookTicker","u":1875304877348,"s":"TURBOUSDT","b":"0.3265","B":"173868.1","a":"0.3266","A":"71573.9","T":1662022869111,"E":1662022869116}
{"e":"bookTicker","u":1875304878755,"s":"FISHUSDT","b":"0.13398","B":"700","a":"0.13401","A":"1850","T":1662022869132,"E":1662022869137}
{"e":"bookTicker","u":1875304879780,"s":"TURBOUSDT","b":"0.3265","B":"172911.1","a":"0.3266","A":"71573.9","T":1662022869146,"E":1662022869152}
{"e":"bookTicker","u":1875304880157,"s":"TURBOUSDT","b":"0.3265","B":"173863.3","a":"0.3266","A":"71573.9","T":1662022869151,"E":1662022869156}
{"e":"bookTicker","u":1875304880402,"s":"TURBOUSDT","b":"0.3265","B":"173863.3","a":"0.3266","A":"81073.9","T":1662022869153,"E":1662022869158}
{"e":"bookTicker","u":1875304880538,"s":"TURBOUSDT","b":"0.3265","B":"192563.8","a":"0.3266","A":"81073.9","T":1662022869155,"E":1662022869158}
{"e":"bookTicker","u":1875304880631,"s":"TURBOUSDT","b":"0.3265","B":"191611.6","a":"0.3266","A":"81073.9","T":1662022869155,"E":1662022869159}
{"e":"bookTicker","u":1875304880651,"s":"TURBOUSDT","b":"0.3265","B":"192669.2","a":"0.3266","A":"81073.9","T":1662022869155,"E":1662022869159}
{"e":"bookTicker","u":1875304881185,"s":"TURBOUSDT","b":"0.3265","B":"173968.7","a":"0.3266","A":"81073.9","T":1662022869165,"E":1662022869170}
{"e":"bookTicker","u":1875304883129,"s":"TURBOUSDT","b":"0.3265","B":"162900.8","a":"0.3266","A":"81073.9","T":1662022869203,"E":1662022869208}
{"e":"bookTicker","u":1875304883600,"s":"TURBOUSDT","b":"0.3265","B":"162798.2","a":"0.3266","A":"81073.9","T":1662022869212,"E":1662022869218}
{"e":"bookTicker","u":1875304883605,"s":"TURBOUSDT","b":"0.3265","B":"156725.8","a":"0.3266","A":"81073.9","T":1662022869212,"E":1662022869218}
{"e":"bookTicker","u":1875304884354,"s":"TURBOUSDT","b":"0.3265","B":"156725.8","a":"0.3266","A":"83623.9","T":1662022869225,"E":1662022869230}
{"e":"bookTicker","u":1875304884451,"s":"TURBOUSDT","b":"0.3265","B":"156725.8","a":"0.3266","A":"81073.9","T":1662022869229,"E":1662022869232}
{"e":"bookTicker","u":1875304884963,"s":"TURBOUSDT","b":"0.3265","B":"120178.3","a":"0.3266","A":"81073.9","T":1662022869236,"E":1662022869241}
{"e":"bookTicker","u":1875304885301,"s":"TURBOUSDT","b":"0.3265","B":"136404.4","a":"0.3266","A":"81073.9","T":1662022869243,"E":1662022869250}
{"e":"bookTicker","u":1875304886570,"s":"TURBOUSDT","b":"0.3265","B":"155774.6","a":"0.3266","A":"81073.9","T":1662022869268,"E":1662022869272}
{"e":"bookTicker","u":1875304886746,"s":"TURBOUSDT","b":"0.3265","B":"139548.5","a":"0.3266","A":"81073.9","T":1662022869272,"E":1662022869278}
{"e":"bookTicker","u":1875304889649,"s":"TURBOUSDT","b":"0.3265","B":"156547.3","a":"0.3266","A":"81073.9","T":1662022869351,"E":1662022869356}
{"e":"bookTicker","u":1875304889982,"s":"TURBOUSDT","b":"0.3265","B":"157350.4","a":"0.3266","A":"81073.9","T":1662022869360,"E":1662022869366}
{"e":"bookTicker","u":1875304891367,"s":"FISHUSDT","b":"0.13398","B":"2550","a":"0.13401","A":"1850","T":1662022869397,"E":1662022869402}
{"e":"bookTicker","u":1875304892012,"s":"TURBOUSDT","b":"0.3265","B":"140351.6","a":"0.3266","A":"81073.9","T":1662022869410,"E":1662022869415}
{"e":"bookTicker","u":1875304892021,"s":"FISHUSDT","b":"0.13398","B":"2550","a":"0.13404","A":"4547","T":1662022869410,"E":1662022869415}
{"e":"bookTicker","u":1875304892581,"s":"FISHUSDT","b":"0.13398","B":"2550","a":"0.13404","A":"5159","T":1662022869421,"E":1662022869426}
{"e":"bookTicker","u":1875304892729,"s":"FISHUSDT","b":"0.13398","B":"2550","a":"0.13404","A":"7009","T":1662022869425,"E":1662022869429}
{"e":"bookTicker","u":1875304892984,"s":"FISHUSDT","b":"0.13398","B":"2550","a":"0.13403","A":"1850","T":1662022869433,"E":1662022869436}
{"e":"bookTicker","u":1875304894873,"s":"TURBOUSDT","b":"0.3265","B":"140313.1","a":"0.3266","A":"81073.9","T":1662022869495,"E":1662022869500}
{"e":"bookTicker","u":1875304895171,"s":"TURBOUSDT","b":"0.3265","B":"140348.4","a":"0.3266","A":"81073.9","T":1662022869505,"E":1662022869511}
{"e":"bookTicker","u":1875304897273,"s":"TURBOUSDT","b":"0.3265","B":"140348.4","a":"0.3266","A":"80597.6","T":1662022869577,"E":1662022869583}
{"e":"bookTicker","u":1875304897368,"s":"TURBOUSDT","b":"0.3265","B":"159356.2","a":"0.3266","A":"80597.6","T":1662022869580,"E":1662022869585}
{"e":"bookTicker","u":1875304897603,"s":"TURBOUSDT","b":"0.3265","B":"140348.4","a":"0.3266","A":"80597.6","T":1662022869590,"E":1662022869595}
{"e":"bookTicker","u":1875304897886,"s":"TURBOUSDT","b":"0.3265","B":"140348.4","a":"0.3266","A":"71097.6","T":1662022869600,"E":1662022869605}
{"e":"bookTicker","u":1875304899261,"s":"FISHUSDT","b":"0.13398","B":"2550","a":"0.13403","A":"3359","T":1662022869652,"E":1662022869657}
{"e":"bookTicker","u":1875304901217,"s":"TURBOUSDT","b":"0.3265","B":"156883.6","a":"0.3266","A":"71097.6","T":1662022869722,"E":1662022869727}
{"e":"bookTicker","u":1875304901487,"s":"TURBOUSDT","b":"0.3265","B":"156986.2","a":"0.3266","A":"71097.6","T":1662022869728,"E":1662022869735}
{"e":"bookTicker","u":1875304902140,"s":"TURBOUSDT","b":"0.3265","B":"156986.2","a":"0.3266","A":"70995.0","T":1662022869731,"E":1662022869739}
{"e":"bookTicker","u":1875304902356,"s":"TURBOUSDT","b":"0.3265","B":"156986.2","a":"0.3266","A":"70695.0","T":1662022869732,"E":1662022869741}
{"e":"bookTicker","u":1875304903416,"s":"TURBOUSDT","b":"0.3265","B":"181767.2","a":"0.3266","A":"70695.0","T":1662022869739,"E":1662022869747}
{"e":"bookTicker","u":1875304902374,"s":"FISHUSDT","b":"0.13398","B":"2550","a":"0.13403","A":"1850","T":1662022869732,"E":1662022869741}
{"e":"bookTicker","u":1875304904635,"s":"FISHUSDT","b":"0.13400","B":"1850","a":"0.13403","A":"1850","T":1662022869747,"E":1662022869757}
{"e":"bookTicker","u":1875304906647,"s":"FISHUSDT","b":"0.13400","B":"1850","a":"0.13404","A":"4184","T":1662022869761,"E":1662022869768}
{"e":"bookTicker","u":1875304906655,"s":"FISHUSDT","b":"0.13398","B":"4400","a":"0.13404","A":"4184","T":1662022869761,"E":1662022869768}
{"e":"bookTicker","u":1875304909210,"s":"TURBOUSDT","b":"0.3265","B":"181767.2","a":"0.3266","A":"60451.3","T":1662022869776,"E":1662022869788}
{"e":"bookTicker","u":1875304909234,"s":"FISHUSDT","b":"0.13400","B":"1850","a":"0.13404","A":"4184","T":1662022869776,"E":1662022869788}
{"e":"bookTicker","u":1875304909452,"s":"FISHUSDT","b":"0.13400","B":"1850","a":"0.13404","A":"2334","T":1662022869777,"E":1662022869788}
{"e":"bookTicker","u":1875304910605,"s":"FISHUSDT","b":"0.13400","B":"3700","a":"0.13404","A":"2334","T":1662022869784,"E":1662022869795}
{"e":"bookTicker","u":1875304911389,"s":"FISHUSDT","b":"0.13400","B":"3700","a":"0.13404","A":"1722","T":1662022869789,"E":1662022869803}
{"e":"bookTicker","u":1875304912342,"s":"FISHUSDT","b":"0.13400","B":"1850","a":"0.13404","A":"1722","T":1662022869794,"E":1662022869808}
{"e":"bookTicker","u":1875304914362,"s":"TURBOUSDT","b":"0.3265","B":"197254.3","a":"0.3266","A":"60451.3","T":1662022869812,"E":1662022869819}
{"e":"bookTicker","u":1875304915283,"s":"FISHUSDT","b":"0.13400","B":"3700","a":"0.13404","A":"1722","T":1662022869820,"E":1662022869828}
{"e":"bookTicker","u":1875304915821,"s":"TURBOUSDT","b":"0.3265","B":"197729.8","a":"0.3266","A":"60451.3","T":1662022869825,"E":1662022869832}
{"e":"bookTicker","u":1875304916452,"s":"TURBOUSDT","b":"0.3265","B":"197254.3","a":"0.3266","A":"60451.3","T":1662022869831,"E":1662022869838}
{"e":"bookTicker","u":1875304918310,"s":"TURBOUSDT","b":"0.3265","B":"197254.3","a":"0.3266","A":"71171.3","T":1662022869852,"E":1662022869856}
{"e":"bookTicker","u":1875304918817,"s":"TURBOUSDT","b":"0.3265","B":"197254.3","a":"0.3266","A":"59903.7","T":1662022869857,"E":1662022869862}
{"e":"bookTicker","u":1875304923928,"s":"TURBOUSDT","b":"0.3265","B":"197254.3","a":"0.3266","A":"54903.7","T":1662022869934,"E":1662022869939}
{"e":"bookTicker","u":1875304924279,"s":"TURBOUSDT","b":"0.3265","B":"197254.3","a":"0.3266","A":"59903.7","T":1662022869941,"E":1662022869946}
{"e":"bookTicker","u":1875304927264,"s":"TURBOUSDT","b":"0.3265","B":"197254.3","a":"0.3266","A":"54903.7","T":1662022870000,"E":1662022870005}
{"e":"bookTicker","u":1875304927696,"s":"TURBOUSDT","b":"0.3265","B":"198206.5","a":"0.3266","A":"54903.7","T":1662022870008,"E":1662022870012}
{"e":"bookTicker","u":1875304929061,"s":"TURBOUSDT","b":"0.3265","B":"198206.5","a":"0.3266","A":"49903.7","T":1662022870031,"E":1662022870036}
{"e":"bookTicker","u":1875304929609,"s":"TURBOUSDT","b":"0.3265","B":"198206.5","a":"0.3266","A":"54903.7","T":1662022870042,"E":1662022870047}
{"e":"bookTicker","u":1875304930454,"s":"TURBOUSDT","b":"0.3265","B":"197403.4","a":"0.3266","A":"54903.7","T":1662022870059,"E":1662022870064}
{"e":"bookTicker","u":1875304931544,"s":"TURBOUSDT","b":"0.3265","B":"197447.1","a":"0.3266","A":"54903.7","T":1662022870082,"E":1662022870087}
{"e":"bookTicker","u":1875304931846,"s":"TURBOUSDT","b":"0.3265","B":"197447.1","a":"0.3266","A":"49903.7","T":1662022870088,"E":1662022870092}
{"e":"bookTicker","u":1875304931961,"s":"TURBOUSDT","b":"0.3265","B":"197447.1","a":"0.3266","A":"50006.3","T":1662022870090,"E":1662022870097}
{"e":"bookTicker","u":1875304932173,"s":"TURBOUSDT","b":"0.3265","B":"180911.9","a":"0.3266","A":"50006.3","T":1662022870093,"E":1662022870097}
{"e":"bookTicker","u":1875304934837,"s":"FISHUSDT","b":"0.13400","B":"1850","a":"0.13404","A":"1722","T":1662022870151,"E":1662022870157}
{"e":"bookTicker","u":1875304935470,"s":"TURBOUSDT","b":"0.3265","B":"197910.7","a":"0.3266","A":"50006.3","T":1662022870166,"E":1662022870171}
{"e":"bookTicker","u":1875304938802,"s":"TURBOUSDT","b":"0.3265","B":"197910.7","a":"0.3266","A":"55006.3","T":1662022870240,"E":1662022870245}
{"e":"bookTicker","u":1875304939561,"s":"TURBOUSDT","b":"0.3265","B":"197910.7","a":"0.3266","A":"50006.3","T":1662022870254,"E":1662022870260}
{"e":"bookTicker","u":1875304940269,"s":"FISHUSDT","b":"0.13400","B":"1850","a":"0.13404","A":"3572","T":1662022870272,"E":1662022870277}
{"e":"bookTicker","u":1875304941660,"s":"FISHUSDT","b":"0.13398","B":"4400","a":"0.13404","A":"3572","T":1662022870311,"E":1662022870316}
{"e":"bookTicker","u":1875304941698,"s":"FISHUSDT","b":"0.13398","B":"4781","a":"0.13404","A":"3572","T":1662022870313,"E":1662022870318}
{"e":"bookTicker","u":1875304942038,"s":"TURBOUSDT","b":"0.3265","B":"197910.7","a":"0.3266","A":"55006.3","T":1662022870324,"E":1662022870329}
{"e":"bookTicker","u":1875304942056,"s":"FISHUSDT","b":"0.13398","B":"4781","a":"0.13404","A":"5422","T":1662022870325,"E":1662022870329}
{"e":"bookTicker","u":1875304942315,"s":"TURBOUSDT","b":"0.3265","B":"197793.4","a":"0.3266","A":"55006.3","T":1662022870333,"E":1662022870337}
{"e":"bookTicker","u":1875304942511,"s":"TURBOUSDT","b":"0.3265","B":"197949.8","a":"0.3266","A":"55006.3","T":1662022870338,"E":1662022870343}
{"e":"bookTicker","u":1875304942646,"s":"TURBOUSDT","b":"0.3265","B":"197949.8","a":"0.3266","A":"60006.3","T":1662022870342,"E":1662022870347}
{"e":"bookTicker","u":1875304943097,"s":"TURBOUSDT","b":"0.3265","B":"197949.8","a":"0.3266","A":"55006.3","T":1662022870359,"E":1662022870364}
{"e":"bookTicker","u":1875304943146,"s":"TURBOUSDT","b":"0.3265","B":"196892.2","a":"0.3266","A":"55006.3","T":1662022870361,"E":1662022870365}
{"e":"bookTicker","u":1875304943323,"s":"TURBOUSDT","b":"0.3265","B":"198085.5","a":"0.3266","A":"55006.3","T":1662022870368,"E":1662022870373}
{"e":"bookTicker","u":1875304944511,"s":"TURBOUSDT","b":"0.3266","B":"78534.5","a":"0.3267","A":"268186.2","T":1662022870399,"E":1662022870405}
{"e":"bookTicker","u":1875304944792,"s":"TURBOUSDT","b":"0.3266","B":"88534.5","a":"0.3267","A":"268186.2","T":1662022870406,"E":1662022870411}
{"e":"bookTicker","u":1875304944853,"s":"TURBOUSDT","b":"0.3266","B":"88534.5","a":"0.3267","A":"267744.4","T":1662022870408,"E":1662022870412}
{"e":"bookTicker","u":1875304944879,"s":"TURBOUSDT","b":"0.3266","B":"88534.5","a":"0.3267","A":"268044.4","T":1662022870408,"E":1662022870413}
{"e":"bookTicker","u":1875304944902,"s":"TURBOUSDT","b":"0.3266","B":"88534.5","a":"0.3267","A":"241543.9","T":1662022870409,"E":1662022870414}
{"e":"bookTicker","u":1875304944908,"s":"TURBOUSDT","b":"0.3266","B":"93534.5","a":"0.3267","A":"241543.9","T":1662022870409,"E":1662022870414}
{"e":"bookTicker","u":1875304944921,"s":"TURBOUSDT","b":"0.3266","B":"93534.5","a":"0.3267","A":"238993.9","T":1662022870409,"E":1662022870414}
{"e":"bookTicker","u":1875304944929,"s":"TURBOUSDT","b":"0.3266","B":"93534.5","a":"0.3267","A":"213438.8","T":1662022870409,"E":1662022870414}
{"e":"bookTicker","u":1875304944938,"s":"TURBOUSDT","b":"0.3266","B":"93534.5","a":"0.3267","A":"210663.8","T":1662022870409,"E":1662022870414}
{"e":"bookTicker","u":1875304944944,"s":"TURBOUSDT","b":"0.3266","B":"93534.5","a":"0.3267","A":"195276.8","T":1662022870409,"E":1662022870414}
{"e":"bookTicker","u":1875304944945,"s":"TURBOUSDT","b":"0.3266","B":"93534.5","a":"0.3267","A":"189767.2","T":1662022870409,"E":1662022870414}
{"e":"bookTicker","u":1875304944948,"s":"TURBOUSDT","b":"0.3266","B":"93534.5","a":"0.3267","A":"182129.7","T":1662022870409,"E":1662022870414}
{"e":"bookTicker","u":1875304944954,"s":"TURBOUSDT","b":"0.3266","B":"93834.5","a":"0.3267","A":"182129.7","T":1662022870409,"E":1662022870414}
{"e":"bookTicker","u":1875304944970,"s":"TURBOUSDT","b":"0.3266","B":"93834.5","a":"0.3267","A":"182232.3","T":1662022870409,"E":1662022870414}
{"e":"bookTicker","u":1875304944979,"s":"TURBOUSDT","b":"0.3266","B":"99340.8","a":"0.3267","A":"182232.3","T":1662022870409,"E":1662022870415}
{"e":"bookTicker","u":1875304945009,"s":"TURBOUSDT","b":"0.3266","B":"99340.8","a":"0.3267","A":"174577.0","T":1662022870410,"E":1662022870416}
{"e":"bookTicker","u":1875304945018,"s":"TURBOUSDT","b":"0.3266","B":"99340.8","a":"0.3267","A":"172027.0","T":1662022870410,"E":1662022870416}
{"e":"bookTicker","u":1875304945036,"s":"TURBOUSDT","b":"0.3266","B":"107660.6","a":"0.3267","A":"172027.0","T":1662022870410,"E":1662022870416}
{"e":"bookTicker","u":1875304945109,"s":"TURBOUSDT","b":"0.3266","B":"108889.8","a":"0.3267","A":"172027.0","T":1662022870412,"E":1662022870417}
{"e":"bookTicker","u":1875304945110,"s":"TURBOUSDT","b":"0.3266","B":"112125.0","a":"0.3267","A":"172027.0","T":1662022870412,"E":1662022870417}
{"e":"bookTicker","u":1875304945161,"s":"TURBOUSDT","b":"0.3266","B":"113077.2","a":"0.3267","A":"172027.0","T":1662022870412,"E":1662022870418}
{"e":"bookTicker","u":1875304945164,"s":"TURBOUSDT","b":"0.3266","B":"113077.2","a":"0.3267","A":"181527.0","T":1662022870412,"E":1662022870418}
{"e":"bookTicker","u":1875304945306,"s":"TURBOUSDT","b":"0.3266","B":"113077.2","a":"0.3267","A":"178465.2","T":1662022870415,"E":1662022870419}
{"e":"bookTicker","u":1875304945328,"s":"TURBOUSDT","b":"0.3266","B":"113077.2","a":"0.3267","A":"197616.4","T":1662022870415,"E":1662022870419}
{"e":"bookTicker","u":1875304945530,"s":"TURBOUSDT","b":"0.3266","B":"113077.2","a":"0.3267","A":"194530.4","T":1662022870419,"E":1662022870423}
{"e":"bookTicker","u":1875304945647,"s":"TURBOUSDT","b":"0.3266","B":"113077.2","a":"0.3267","A":"191468.7","T":1662022870421,"E":1662022870425}
{"e":"bookTicker","u":1875304945759,"s":"TURBOUSDT","b":"0.3266","B":"113077.2","a":"0.3267","A":"168676.2","T":1662022870422,"E":1662022870427}
{"e":"bookTicker","u":1875304945856,"s":"TURBOUSDT","b":"0.3266","B":"113077.2","a":"0.3267","A":"173676.2","T":1662022870424,"E":1662022870429}
{"e":"bookTicker","u":1875304945925,"s":"TURBOUSDT","b":"0.3266","B":"113235.1","a":"0.3267","A":"173676.2","T":1662022870425,"E":1662022870431}
{"e":"bookTicker","u":1875304946109,"s":"TURBOUSDT","b":"0.3266","B":"113235.1","a":"0.3267","A":"173651.5","T":1662022870428,"E":1662022870435}
{"e":"bookTicker","u":1875304946120,"s":"TURBOUSDT","b":"0.3266","B":"113235.1","a":"0.3267","A":"173629.9","T":1662022870429,"E":1662022870435}
{"e":"bookTicker","u":1875304946132,"s":"TURBOUSDT","b":"0.3266","B":"113235.1","a":"0.3267","A":"173610.8","T":1662022870429,"E":1662022870435}
{"e":"bookTicker","u":1875304946170,"s":"TURBOUSDT","b":"0.3266","B":"113251.2","a":"0.3267","A":"173610.8","T":1662022870429,"E":1662022870435}
{"e":"bookTicker","u":1875304946185,"s":"TURBOUSDT","b":"0.3266","B":"113251.2","a":"0.3267","A":"178610.8","T":1662022870430,"E":1662022870435}
{"e":"bookTicker","u":1875304946238,"s":"TURBOUSDT","b":"0.3266","B":"113251.2","a":"0.3267","A":"178463.2","T":1662022870431,"E":1662022870436}
{"e":"bookTicker","u":1875304946639,"s":"TURBOUSDT","b":"0.3266","B":"112299.0","a":"0.3267","A":"178463.2","T":1662022870441,"E":1662022870445}
{"e":"bookTicker","u":1875304946694,"s":"TURBOUSDT","b":"0.3266","B":"121799.0","a":"0.3267","A":"178463.2","T":1662022870442,"E":1662022870448}
{"e":"bookTicker","u":1875304947293,"s":"TURBOUSDT","b":"0.3266","B":"121969.0","a":"0.3267","A":"178463.2","T":1662022870456,"E":1662022870462}
{"e":"bookTicker","u":1875304947322,"s":"TURBOUSDT","b":"0.3266","B":"121969.0","a":"0.3267","A":"180968.6","T":1662022870457,"E":1662022870462}
{"e":"bookTicker","u":1875304947452,"s":"TURBOUSDT","b":"0.3266","B":"121989.8","a":"0.3267","A":"180968.6","T":1662022870460,"E":1662022870466}
{"e":"bookTicker","u":1875304947653,"s":"TURBOUSDT","b":"0.3266","B":"122025.1","a":"0.3267","A":"180968.6","T":1662022870464,"E":1662022870470}
{"e":"bookTicker","u":1875304947692,"s":"TURBOUSDT","b":"0.3266","B":"122025.1","a":"0.3267","A":"181468.6","T":1662022870465,"E":1662022870470}
{"e":"bookTicker","u":1875304949899,"s":"TURBOUSDT","b":"0.3266","B":"122025.1","a":"0.3267","A":"180968.6","T":1662022870500,"E":1662022870505}
{"e":"bookTicker","u":1875304952269,"s":"TURBOUSDT","b":"0.3266","B":"122093.4","a":"0.3267","A":"180968.6","T":1662022870553,"E":1662022870558}
{"e":"bookTicker","u":1875304952800,"s":"TURBOUSDT","b":"0.3266","B":"131593.4","a":"0.3267","A":"180968.6","T":1662022870565,"E":1662022870570}
{"e":"bookTicker","u":1875304953484,"s":"TURBOUSDT","b":"0.3266","B":"131609.5","a":"0.3267","A":"180968.6","T":1662022870580,"E":1662022870585}
{"e":"bookTicker","u":1875304954884,"s":"TURBOUSDT","b":"0.3266","B":"131659.8","a":"0.3267","A":"180968.6","T":1662022870615,"E":1662022870620}
{"e":"bookTicker","u":1875304955293,"s":"TURBOUSDT","b":"0.3266","B":"131675.9","a":"0.3267","A":"180968.6","T":1662022870628,"E":1662022870633}
{"e":"bookTicker","u":1875304955845,"s":"TURBOUSDT","b":"0.3266","B":"131675.9","a":"0.3267","A":"161817.4","T":1662022870644,"E":1662022870648}
{"e":"bookTicker","u":1875304956191,"s":"TURBOUSDT","b":"0.3266","B":"131675.9","a":"0.3267","A":"187717.8","T":1662022870653,"E":1662022870658}
{"e":"bookTicker","u":1875304956334,"s":"TURBOUSDT","b":"0.3266","B":"131692.0","a":"0.3267","A":"187717.8","T":1662022870657,"E":1662022870661}
{"e":"bookTicker","u":1875304956529,"s":"TURBOUSDT","b":"0.3266","B":"131692.0","a":"0.3267","A":"205796.5","T":1662022870664,"E":1662022870669}
{"e":"bookTicker","u":1875304958753,"s":"TURBOUSDT","b":"0.3266","B":"131955.3","a":"0.3267","A":"205796.5","T":1662022870723,"E":1662022870727}
{"e":"bookTicker","u":1875304958960,"s":"TURBOUSDT","b":"0.3266","B":"131754.2","a":"0.3267","A":"205796.5","T":1662022870730,"E":1662022870735}
{"e":"bookTicker","u":1875304959853,"s":"TURBOUSDT","b":"0.3266","B":"131754.2","a":"0.3267","A":"207796.5","T":1662022870757,"E":1662022870761}
{"e":"bookTicker","u":1875304959858,"s":"TURBOUSDT","b":"0.3266","B":"131754.2","a":"0.3267","A":"210337.5","T":1662022870757,"E":1662022870763}
{"e":"bookTicker","u":1875304959861,"s":"TURBOUSDT","b":"0.3266","B":"132403.7","a":"0.3267","A":"210337.5","T":1662022870757,"E":1662022870763}
{"e":"bookTicker","u":1875304959871,"s":"TURBOUSDT","b":"0.3266","B":"132403.7","a":"0.3267","A":"214337.5","T":1662022870757,"E":1662022870763}
{"e":"bookTicker","u":1875304960515,"s":"TURBOUSDT","b":"0.3266","B":"133597.0","a":"0.3267","A":"214337.5","T":1662022870778,"E":1662022870782}
{"e":"bookTicker","u":1875304960782,"s":"TURBOUSDT","b":"0.3266","B":"124097.0","a":"0.3267","A":"214337.5","T":1662022870785,"E":1662022870790}
{"e":"bookTicker","u":1875304960955,"s":"TURBOUSDT","b":"0.3266","B":"151538.3","a":"0.3267","A":"214337.5","T":1662022870792,"E":1662022870797}
{"e":"bookTicker","u":1875304961043,"s":"TURBOUSDT","b":"0.3266","B":"151538.3","a":"0.3267","A":"211796.5","T":1662022870795,"E":1662022870799}
{"e":"bookTicker","u":1875304961048,"s":"TURBOUSDT","b":"0.3266","B":"151538.3","a":"0.3267","A":"207796.5","T":1662022870795,"E":1662022870799}
{"e":"bookTicker","u":1875304961049,"s":"TURBOUSDT","b":"0.3266","B":"151538.3","a":"0.3267","A":"205796.5","T":1662022870795,"E":1662022870799}
{"e":"bookTicker","u":1875304961886,"s":"TURBOUSDT","b":"0.3266","B":"151624.5","a":"0.3267","A":"205796.5","T":1662022870826,"E":1662022870830}
{"e":"bookTicker","u":1875304962113,"s":"TURBOUSDT","b":"0.3266","B":"151624.5","a":"0.3267","A":"203291.1","T":1662022870837,"E":1662022870842}
{"e":"bookTicker","u":1875304962142,"s":"TURBOUSDT","b":"0.3266","B":"152336.0","a":"0.3267","A":"203291.1","T":1662022870837,"E":1662022870842}
{"e":"bookTicker","u":1875304962146,"s":"TURBOUSDT","b":"0.3266","B":"152166.0","a":"0.3267","A":"203291.1","T":1662022870838,"E":1662022870842}
{"e":"bookTicker","u":1875304962646,"s":"TURBOUSDT","b":"0.3266","B":"152322.4","a":"0.3267","A":"203291.1","T":1662022870854,"E":1662022870859}
{"e":"bookTicker","u":1875304963317,"s":"TURBOUSDT","b":"0.3266","B":"152338.5","a":"0.3267","A":"203291.1","T":1662022870877,"E":1662022870882}
{"e":"bookTicker","u":1875304965653,"s":"FISHUSDT","b":"0.13398","B":"4781","a":"0.13403","A":"1850","T":1662022870936,"E":1662022870942}
{"e":"bookTicker","u":1875304965770,"s":"TURBOUSDT","b":"0.3266","B":"153711.2","a":"0.3267","A":"203291.1","T":1662022870939,"E":1662022870944}
{"e":"bookTicker","u":1875304966315,"s":"FISHUSDT","b":"0.13398","B":"2931","a":"0.13403","A":"1850","T":1662022870950,"E":1662022870953}
{"e":"bookTicker","u":1875304966388,"s":"TURBOUSDT","b":"0.3266","B":"153411.2","a":"0.3267","A":"203291.1","T":1662022870952,"E":1662022870955}
{"e":"bookTicker","u":1875304966438,"s":"TURBOUSDT","b":"0.3266","B":"145091.4","a":"0.3267","A":"203291.1","T":1662022870952,"E":1662022870956}
{"e":"bookTicker","u":1875304967009,"s":"FISHUSDT","b":"0.13398","B":"1081","a":"0.13403","A":"1850","T":1662022870968,"E":1662022870973}
{"e":"bookTicker","u":1875304968185,"s":"TURBOUSDT","b":"0.3266","B":"145091.4","a":"0.3267","A":"207291.1","T":1662022870988,"E":1662022870992}
{"e":"bookTicker","u":1875304968229,"s":"TURBOUSDT","b":"0.3266","B":"145091.4","a":"0.3267","A":"209291.1","T":1662022870989,"E":1662022870992}
{"e":"bookTicker","u":1875304968268,"s":"TURBOUSDT","b":"0.3266","B":"145091.4","a":"0.3267","A":"211832.1","T":1662022870989,"E":1662022870992}
{"e":"bookTicker","u":1875304968308,"s":"TURBOUSDT","b":"0.3266","B":"145091.4","a":"0.3267","A":"209832.1","T":1662022870990,"E":1662022870992}
{"e":"bookTicker","u":1875304968316,"s":"TURBOUSDT","b":"0.3266","B":"145091.4","a":"0.3267","A":"205832.1","T":1662022870990,"E":1662022870992}
{"e":"bookTicker","u":1875304968322,"s":"TURBOUSDT","b":"0.3266","B":"145091.4","a":"0.3267","A":"203291.1","T":1662022870990,"E":1662022870992}
{"e":"bookTicker","u":1875304969549,"s":"TURBOUSDT","b":"0.3266","B":"145091.4","a":"0.3267","A":"207291.1","T":1662022871021,"E":1662022871026}
{"e":"bookTicker","u":1875304969550,"s":"TURBOUSDT","b":"0.3266","B":"145091.4","a":"0.3267","A":"209832.1","T":1662022871021,"E":1662022871026}
{"e":"bookTicker","u":1875304969604,"s":"TURBOUSDT","b":"0.3266","B":"145091.4","a":"0.3267","A":"211832.1","T":1662022871023,"E":1662022871027}
{"e":"bookTicker","u":1875304969785,"s":"TURBOUSDT","b":"0.3266","B":"145091.4","a":"0.3267","A":"207832.1","T":1662022871027,"E":1662022871032}
{"e":"bookTicker","u":1875304969811,"s":"TURBOUSDT","b":"0.3266","B":"145091.4","a":"0.3267","A":"205291.1","T":1662022871028,"E":1662022871032}
{"e":"bookTicker","u":1875304969823,"s":"TURBOUSDT","b":"0.3266","B":"145091.4","a":"0.3267","A":"203291.1","T":1662022871028,"E":1662022871032}
{"e":"bookTicker","u":1875304970623,"s":"TURBOUSDT","b":"0.3266","B":"145091.4","a":"0.3267","A":"205832.1","T":1662022871048,"E":1662022871053}
{"e":"bookTicker","u":1875304970655,"s":"TURBOUSDT","b":"0.3266","B":"145091.4","a":"0.3267","A":"209832.1","T":1662022871049,"E":1662022871053}
{"e":"bookTicker","u":1875304970667,"s":"TURBOUSDT","b":"0.3266","B":"145091.4","a":"0.3267","A":"211832.1","T":1662022871050,"E":1662022871055}
{"e":"bookTicker","u":1875304970858,"s":"TURBOUSDT","b":"0.3266","B":"144379.9","a":"0.3267","A":"211832.1","T":1662022871054,"E":1662022871059}
{"e":"bookTicker","u":1875304971052,"s":"TURBOUSDT","b":"0.3266","B":"144379.9","a":"0.3267","A":"209832.1","T":1662022871060,"E":1662022871064}
{"e":"bookTicker","u":1875304971059,"s":"TURBOUSDT","b":"0.3266","B":"144379.9","a":"0.3267","A":"205832.1","T":1662022871060,"E":1662022871064}
{"e":"bookTicker","u":1875304971060,"s":"TURBOUSDT","b":"0.3266","B":"144311.6","a":"0.3267","A":"205832.1","T":1662022871060,"E":1662022871064}
{"e":"bookTicker","u":1875304971067,"s":"TURBOUSDT","b":"0.3266","B":"144311.6","a":"0.3267","A":"203291.1","T":1662022871061,"E":1662022871064}
{"e":"bookTicker","u":1875304971301,"s":"TURBOUSDT","b":"0.3266","B":"144400.4","a":"0.3267","A":"203291.1","T":1662022871068,"E":1662022871073}
{"e":"bookTicker","u":1875304971828,"s":"TURBOUSDT","b":"0.3266","B":"144400.4","a":"0.3267","A":"207291.1","T":1662022871080,"E":1662022871086}
{"e":"bookTicker","u":1875304971837,"s":"TURBOUSDT","b":"0.3266","B":"144400.4","a":"0.3267","A":"209832.1","T":1662022871080,"E":1662022871086}
{"e":"bookTicker","u":1875304972028,"s":"TURBOUSDT","b":"0.3266","B":"144400.4","a":"0.3267","A":"205832.1","T":1662022871087,"E":1662022871092}
{"e":"bookTicker","u":1875304972061,"s":"TURBOUSDT","b":"0.3266","B":"144400.4","a":"0.3267","A":"203291.1","T":1662022871088,"E":1662022871092}
{"e":"bookTicker","u":1875304972112,"s":"TURBOUSDT","b":"0.3266","B":"144416.5","a":"0.3267","A":"203291.1","T":1662022871089,"E":1662022871092}
{"e":"bookTicker","u":1875304973015,"s":"TURBOUSDT","b":"0.3266","B":"144416.5","a":"0.3267","A":"205291.1","T":1662022871119,"E":1662022871123}
{"e":"bookTicker","u":1875304973031,"s":"TURBOUSDT","b":"0.3266","B":"144416.5","a":"0.3267","A":"209291.1","T":1662022871120,"E":1662022871125}
{"e":"bookTicker","u":1875304973060,"s":"TURBOUSDT","b":"0.3266","B":"144416.5","a":"0.3267","A":"205291.1","T":1662022871121,"E":1662022871125}
{"e":"bookTicker","u":1875304973069,"s":"TURBOUSDT","b":"0.3266","B":"144416.5","a":"0.3267","A":"207832.1","T":1662022871121,"E":1662022871125}
{"e":"bookTicker","u":1875304973080,"s":"TURBOUSDT","b":"0.3266","B":"144416.5","a":"0.3267","A":"205291.1","T":1662022871121,"E":1662022871125}
{"e":"bookTicker","u":1875304973086,"s":"TURBOUSDT","b":"0.3266","B":"144416.5","a":"0.3267","A":"203291.1","T":1662022871122,"E":1662022871127}
{"e":"bookTicker","u":1875304973153,"s":"TURBOUSDT","b":"0.3266","B":"144366.2","a":"0.3267","A":"203291.1","T":1662022871124,"E":1662022871129}
{"e":"bookTicker","u":1875304973191,"s":"FISHUSDT","b":"0.13398","B":"2931","a":"0.13403","A":"1850","T":1662022871125,"E":1662022871129}
{"e":"bookTicker","u":1875304973267,"s":"TURBOUSDT","b":"0.3266","B":"153866.2","a":"0.3267","A":"203291.1","T":1662022871127,"E":1662022871131}
{"e":"bookTicker","u":1875304973465,"s":"TURBOUSDT","b":"0.3266","B":"153920.7","a":"0.3267","A":"203291.1","T":1662022871131,"E":1662022871135}
{"e":"bookTicker","u":1875304973727,"s":"FISHUSDT","b":"0.13398","B":"4781","a":"0.13403","A":"1850","T":1662022871137,"E":1662022871140}
{"e":"bookTicker","u":1875304974553,"s":"TURBOUSDT","b":"0.3266","B":"163420.7","a":"0.3267","A":"203291.1","T":1662022871156,"E":1662022871160}
{"e":"bookTicker","u":1875304974804,"s":"TURBOUSDT","b":"0.3266","B":"163420.7","a":"0.3267","A":"207291.1","T":1662022871162,"E":1662022871167}
{"e":"bookTicker","u":1875304974805,"s":"TURBOUSDT","b":"0.3266","B":"163420.7","a":"0.3267","A":"209832.1","T":1662022871162,"E":1662022871167}
{"e":"bookTicker","u":1875304974851,"s":"TURBOUSDT","b":"0.3266","B":"163420.7","a":"0.3267","A":"211832.1","T":1662022871163,"E":1662022871167}
{"e":"bookTicker","u":1875304974997,"s":"TURBOUSDT","b":"0.3266","B":"163420.7","a":"0.3267","A":"202332.1","T":1662022871167,"E":1662022871170}
{"e":"bookTicker","u":1875304975054,"s":"FISHUSDT","b":"0.13398","B":"4781","a":"0.13404","A":"6957","T":1662022871167,"E":1662022871170}
{"e":"bookTicker","u":1875304975490,"s":"TURBOUSDT","b":"0.3266","B":"163420.7","a":"0.3267","A":"211832.1","T":1662022871176,"E":1662022871180}
{"e":"bookTicker","u":1875304975543,"s":"FISHUSDT","b":"0.13398","B":"4781","a":"0.13404","A":"5107","T":1662022871178,"E":1662022871182}
{"e":"bookTicker","u":1875304975717,"s":"TURBOUSDT","b":"0.3266","B":"163420.7","a":"0.3267","A":"202332.1","T":1662022871181,"E":1662022871186}
{"e":"bookTicker","u":1875304975866,"s":"TURBOUSDT","b":"0.3266","B":"162227.4","a":"0.3267","A":"202332.1","T":1662022871183,"E":1662022871187}
{"e":"bookTicker","u":1875304976024,"s":"FISHUSDT","b":"0.13399","B":"1850","a":"0.13404","A":"5107","T":1662022871186,"E":1662022871191}
{"e":"bookTicker","u":1875304976193,"s":"TURBOUSDT","b":"0.3266","B":"163590.9","a":"0.3267","A":"202332.1","T":1662022871190,"E":1662022871193}
{"e":"bookTicker","u":1875304976601,"s":"TURBOUSDT","b":"0.3266","B":"163590.9","a":"0.3267","A":"198332.1","T":1662022871197,"E":1662022871202}
{"e":"bookTicker","u":1875304976603,"s":"TURBOUSDT","b":"0.3266","B":"163590.9","a":"0.3267","A":"195791.1","T":1662022871198,"E":1662022871202}
{"e":"bookTicker","u":1875304976612,"s":"TURBOUSDT","b":"0.3266","B":"163590.9","a":"0.3267","A":"193791.1","T":1662022871198,"E":1662022871202}
{"e":"bookTicker","u":1875304977049,"s":"TURBOUSDT","b":"0.3266","B":"163590.9","a":"0.3267","A":"194291.1","T":1662022871207,"E":1662022871212}
{"e":"bookTicker","u":1875304977260,"s":"TURBOUSDT","b":"0.3266","B":"163590.9","a":"0.3267","A":"224892.8","T":1662022871211,"E":1662022871214}
{"e":"bookTicker","u":1875304977153,"s":"FISHUSDT","b":"0.13399","B":"1850","a":"0.13404","A":"3257","T":1662022871209,"E":1662022871214}
{"e":"bookTicker","u":1875304977474,"s":"TURBOUSDT","b":"0.3266","B":"163590.9","a":"0.3267","A":"227433.8","T":1662022871215,"E":1662022871219}
{"e":"bookTicker","u":1875304977606,"s":"TURBOUSDT","b":"0.3266","B":"163590.9","a":"0.3267","A":"231433.8","T":1662022871219,"E":1662022871223}
{"e":"bookTicker","u":1875304977704,"s":"TURBOUSDT","b":"0.3266","B":"163854.8","a":"0.3267","A":"231433.8","T":1662022871221,"E":1662022871225}
{"e":"bookTicker","u":1875304977749,"s":"TURBOUSDT","b":"0.3266","B":"163854.8","a":"0.3267","A":"228892.8","T":1662022871223,"E":1662022871227}
{"e":"bookTicker","u":1875304977754,"s":"TURBOUSDT","b":"0.3266","B":"163854.8","a":"0.3267","A":"228392.8","T":1662022871223,"E":1662022871227}
{"e":"bookTicker","u":1875304977780,"s":"TURBOUSDT","b":"0.3266","B":"163854.8","a":"0.3267","A":"224392.8","T":1662022871224,"E":1662022871229}
{"e":"bookTicker","u":1875304977875,"s":"TURBOUSDT","b":"0.3266","B":"163854.8","a":"0.3267","A":"193791.1","T":1662022871226,"E":1662022871231}
{"e":"bookTicker","u":1875304978077,"s":"FISHUSDT","b":"0.13399","B":"1850","a":"0.13402","A":"46","T":1662022871231,"E":1662022871234}
{"e":"bookTicker","u":1875304978972,"s":"TURBOUSDT","b":"0.3266","B":"163870.9","a":"0.3267","A":"193791.1","T":1662022871250,"E":1662022871254}
{"e":"bookTicker","u":1875304979640,"s":"TURBOUSDT","b":"0.3266","B":"163870.9","a":"0.3267","A":"195791.1","T":1662022871266,"E":1662022871272}
{"e":"bookTicker","u":1875304979703,"s":"TURBOUSDT","b":"0.3266","B":"163870.9","a":"0.3267","A":"199791.1","T":1662022871269,"E":1662022871274}
{"e":"bookTicker","u":1875304980774,"s":"TURBOUSDT","b":"0.3266","B":"163870.9","a":"0.3267","A":"202332.1","T":1662022871295,"E":1662022871299}
{"e":"bookTicker","u":1875304980825,"s":"TURBOUSDT","b":"0.3266","B":"163870.9","a":"0.3267","A":"199791.1","T":1662022871296,"E":1662022871301}
{"e":"bookTicker","u":1875304980835,"s":"TURBOUSDT","b":"0.3266","B":"163870.9","a":"0.3267","A":"197791.1","T":1662022871296,"E":1662022871301}
{"e":"bookTicker","u":1875304980878,"s":"TURBOUSDT","b":"0.3266","B":"163870.9","a":"0.3267","A":"193791.1","T":1662022871297,"E":1662022871301}
{"e":"bookTicker","u":1875304983616,"s":"TURBOUSDT","b":"0.3266","B":"163870.9","a":"0.3267","A":"197791.1","T":1662022871354,"E":1662022871358}
{"e":"bookTicker","u":1875304983706,"s":"TURBOUSDT","b":"0.3266","B":"163870.9","a":"0.3267","A":"200332.1","T":1662022871357,"E":1662022871362}
{"e":"bookTicker","u":1875304983766,"s":"TURBOUSDT","b":"0.3266","B":"163870.9","a":"0.3267","A":"202332.1","T":1662022871357,"E":1662022871362}
{"e":"bookTicker","u":1875304983924,"s":"TURBOUSDT","b":"0.3266","B":"163870.9","a":"0.3267","A":"199791.1","T":1662022871365,"E":1662022871367}
{"e":"bookTicker","u":1875304983987,"s":"TURBOUSDT","b":"0.3266","B":"163870.9","a":"0.3267","A":"195791.1","T":1662022871365,"E":1662022871369}
{"e":"bookTicker","u":1875304984005,"s":"TURBOUSDT","b":"0.3266","B":"163870.9","a":"0.3267","A":"226388.3","T":1662022871365,"E":1662022871369}
{"e":"bookTicker","u":1875304984049,"s":"TURBOUSDT","b":"0.3266","B":"163870.9","a":"0.3267","A":"224388.3","T":1662022871365,"E":1662022871370}
{"e":"bookTicker","u":1875304984126,"s":"TURBOUSDT","b":"0.3266","B":"163870.9","a":"0.3267","A":"233888.3","T":1662022871366,"E":1662022871370}
{"e":"bookTicker","u":1875304984391,"s":"TURBOUSDT","b":"0.3266","B":"163870.9","a":"0.3267","A":"235888.3","T":1662022871373,"E":1662022871378}
{"e":"bookTicker","u":1875304984395,"s":"TURBOUSDT","b":"0.3266","B":"163870.9","a":"0.3267","A":"236388.3","T":1662022871373,"E":1662022871378}
{"e":"bookTicker","u":1875304984682,"s":"TURBOUSDT","b":"0.3266","B":"163870.9","a":"0.3267","A":"238929.3","T":1662022871380,"E":1662022871384}
{"e":"bookTicker","u":1875304985037,"s":"TURBOUSDT","b":"0.3266","B":"165870.9","a":"0.3267","A":"238890.0","T":1662022871388,"E":1662022871393}
{"e":"bookTicker","u":1875304985288,"s":"TURBOUSDT","b":"0.3266","B":"164870.9","a":"0.3267","A":"238890.0","T":1662022871395,"E":1662022871399}
{"e":"bookTicker","u":1875304985294,"s":"TURBOUSDT","b":"0.3266","B":"163870.9","a":"0.3267","A":"238890.0","T":1662022871395,"E":1662022871399}
{"e":"bookTicker","u":1875304985352,"s":"TURBOUSDT","b":"0.3266","B":"164823.1","a":"0.3267","A":"238890.0","T":1662022871397,"E":1662022871401}
{"e":"bookTicker","u":1875304985504,"s":"TURBOUSDT","b":"0.3266","B":"164823.1","a":"0.3267","A":"236349.0","T":1662022871399,"E":1662022871403}
{"e":"bookTicker","u":1875304985505,"s":"TURBOUSDT","b":"0.3266","B":"164823.1","a":"0.3267","A":"234349.0","T":1662022871399,"E":1662022871403}
{"e":"bookTicker","u":1875304986698,"s":"TURBOUSDT","b":"0.3266","B":"164823.1","a":"0.3267","A":"236890.0","T":1662022871420,"E":1662022871426}
{"e":"bookTicker","u":1875304986719,"s":"TURBOUSDT","b":"0.3266","B":"164823.1","a":"0.3267","A":"240890.0","T":1662022871420,"E":1662022871426}
{"e":"bookTicker","u":1875304987032,"s":"TURBOUSDT","b":"0.3266","B":"164823.1","a":"0.3267","A":"238349.0","T":1662022871427,"E":1662022871431}
{"e":"bookTicker","u":1875304987044,"s":"TURBOUSDT","b":"0.3266","B":"164823.1","a":"0.3267","A":"234349.0","T":1662022871427,"E":1662022871431}
{"e":"bookTicker","u":1875304987168,"s":"TURBOUSDT","b":"0.3266","B":"164823.1","a":"0.3267","A":"233849.0","T":1662022871428,"E":1662022871433}
{"e":"bookTicker","u":1875304987313,"s":"TURBOUSDT","b":"0.3266","B":"164559.2","a":"0.3267","A":"233849.0","T":1662022871429,"E":1662022871434}
{"e":"bookTicker","u":1875304987447,"s":"TURBOUSDT","b":"0.3266","B":"164559.2","a":"0.3267","A":"203251.8","T":1662022871431,"E":1662022871436}
{"e":"bookTicker","u":1875304987707,"s":"TURBOUSDT","b":"0.3266","B":"164559.2","a":"0.3267","A":"203751.8","T":1662022871437,"E":1662022871441}
{"e":"bookTicker","u":1875304988059,"s":"TURBOUSDT","b":"0.3266","B":"164559.2","a":"0.3267","A":"203251.8","T":1662022871442,"E":1662022871446}
{"e":"bookTicker","u":1875304989359,"s":"TURBOUSDT","b":"0.3266","B":"163607.0","a":"0.3267","A":"203251.8","T":1662022871471,"E":1662022871476}
{"e":"bookTicker","u":1875304989868,"s":"TURBOUSDT","b":"0.3266","B":"164484.9","a":"0.3267","A":"203251.8","T":1662022871485,"E":1662022871490}
{"e":"bookTicker","u":1875304994731,"s":"TURBOUSDT","b":"0.3266","B":"164468.8","a":"0.3267","A":"203251.8","T":1662022871595,"E":1662022871599}
{"e":"bookTicker","u":1875304994923,"s":"TURBOUSDT","b":"0.3266","B":"164533.0","a":"0.3267","A":"203251.8","T":1662022871601,"E":1662022871604}
{"e":"bookTicker","u":1875304995382,"s":"TURBOUSDT","b":"0.3266","B":"164352.2","a":"0.3267","A":"203251.8","T":1662022871613,"E":1662022871618}
{"e":"bookTicker","u":1875304996302,"s":"FISHUSDT","b":"0.13399","B":"1850","a":"0.13404","A":"5107","T":1662022871643,"E":1662022871649}
{"e":"bookTicker","u":1875304996516,"s":"FISHUSDT","b":"0.13399","B":"1850","a":"0.13401","A":"46","T":1662022871650,"E":1662022871655}
{"e":"bookTicker","u":1875304998147,"s":"TURBOUSDT","b":"0.3266","B":"163474.3","a":"0.3267","A":"203251.8","T":1662022871703,"E":1662022871707}
{"e":"bookTicker","u":1875304998366,"s":"TURBOUSDT","b":"0.3266","B":"164248.2","a":"0.3267","A":"203251.8","T":1662022871711,"E":1662022871714}
{"e":"bookTicker","u":1875305002309,"s":"TURBOUSDT","b":"0.3266","B":"164248.2","a":"0.3267","A":"233852.2","T":1662022871825,"E":1662022871829}
{"e":"bookTicker","u":1875305002664,"s":"TURBOUSDT","b":"0.3266","B":"164248.2","a":"0.3267","A":"236393.2","T":1662022871832,"E":1662022871837}
{"e":"bookTicker","u":1875305002681,"s":"TURBOUSDT","b":"0.3266","B":"164248.2","a":"0.3267","A":"240393.2","T":1662022871833,"E":1662022871837}
{"e":"bookTicker","u":1875305002716,"s":"TURBOUSDT","b":"0.3266","B":"164248.2","a":"0.3267","A":"242393.2","T":1662022871834,"E":1662022871839}
{"e":"bookTicker","u":1875305002883,"s":"TURBOUSDT","b":"0.3266","B":"164248.2","a":"0.3267","A":"211792.8","T":1662022871837,"E":1662022871842}
{"e":"bookTicker","u":1875305002951,"s":"TURBOUSDT","b":"0.3266","B":"154748.2","a":"0.3267","A":"211792.8","T":1662022871839,"E":1662022871843}
{"e":"bookTicker","u":1875305004123,"s":"TURBOUSDT","b":"0.3266","B":"154748.2","a":"0.3267","A":"209251.8","T":1662022871874,"E":1662022871878}
{"e":"bookTicker","u":1875305004134,"s":"TURBOUSDT","b":"0.3266","B":"154748.2","a":"0.3267","A":"207251.8","T":1662022871875,"E":1662022871879}
{"e":"bookTicker","u":1875305004144,"s":"TURBOUSDT","b":"0.3266","B":"154748.2","a":"0.3267","A":"203251.8","T":1662022871875,"E":1662022871879}
{"e":"bookTicker","u":1875305004669,"s":"TURBOUSDT","b":"0.3266","B":"154748.2","a":"0.3267","A":"213971.8","T":1662022871891,"E":1662022871897}
{"e":"bookTicker","u":1875305004829,"s":"TURBOUSDT","b":"0.3266","B":"154748.2","a":"0.3267","A":"195893.1","T":1662022871897,"E":1662022871900}
{"e":"bookTicker","u":1875305005027,"s":"TURBOUSDT","b":"0.3266","B":"154748.2","a":"0.3267","A":"197893.1","T":1662022871901,"E":1662022871905}
{"e":"bookTicker","u":1875305005293,"s":"TURBOUSDT","b":"0.3266","B":"154748.2","a":"0.3267","A":"201893.1","T":1662022871911,"E":1662022871915}
{"e":"bookTicker","u":1875305005326,"s":"TURBOUSDT","b":"0.3266","B":"154748.2","a":"0.3267","A":"204434.1","T":1662022871912,"E":1662022871916}
{"e":"bookTicker","u":1875305005346,"s":"TURBOUSDT","b":"0.3266","B":"154748.2","a":"0.3267","A":"206434.1","T":1662022871912,"E":1662022871916}
{"e":"bookTicker","u":1875305005372,"s":"TURBOUSDT","b":"0.3266","B":"154748.2","a":"0.3267","A":"202434.1","T":1662022871912,"E":1662022871916}
{"e":"bookTicker","u":1875305005374,"s":"TURBOUSDT","b":"0.3266","B":"154748.2","a":"0.3267","A":"199893.1","T":1662022871912,"E":1662022871916}
{"e":"bookTicker","u":1875305005441,"s":"TURBOUSDT","b":"0.3266","B":"154748.2","a":"0.3267","A":"197893.1","T":1662022871914,"E":1662022871918}
{"e":"bookTicker","u":1875305005487,"s":"TURBOUSDT","b":"0.3266","B":"154748.2","a":"0.3267","A":"213673.7","T":1662022871916,"E":1662022871920}
{"e":"bookTicker","u":1875305006555,"s":"TURBOUSDT","b":"0.3266","B":"154748.2","a":"0.3267","A":"244275.4","T":1662022871946,"E":1662022871950}
{"e":"bookTicker","u":1875305007486,"s":"TURBOUSDT","b":"0.3266","B":"153974.3","a":"0.3267","A":"244275.4","T":1662022871979,"E":1662022871983}
{"e":"bookTicker","u":1875305009927,"s":"FISHUSDT","b":"0.13399","B":"1850","a":"0.13404","A":"5107","T":1662022872055,"E":1662022872058}
{"e":"bookTicker","u":1875305010118,"s":"FISHUSDT","b":"0.13399","B":"1850","a":"0.13401","A":"60","T":1662022872061,"E":1662022872065}
{"e":"bookTicker","u":1875305011205,"s":"TURBOUSDT","b":"0.3266","B":"154018.0","a":"0.3267","A":"244275.4","T":1662022872106,"E":1662022872110}
{"e":"bookTicker","u":1875305012560,"s":"TURBOUSDT","b":"0.3266","B":"153992.0","a":"0.3267","A":"244275.4","T":1662022872152,"E":1662022872156}
{"e":"bookTicker","u":1875305013316,"s":"TURBOUSDT","b":"0.3266","B":"153992.0","a":"0.3267","A":"246275.4","T":1662022872178,"E":1662022872183}
{"e":"bookTicker","u":1875305013327,"s":"TURBOUSDT","b":"0.3266","B":"153992.0","a":"0.3267","A":"248816.4","T":1662022872178,"E":1662022872183}
{"e":"bookTicker","u":1875305013340,"s":"TURBOUSDT","b":"0.3266","B":"153992.0","a":"0.3267","A":"252816.4","T":1662022872179,"E":1662022872185}
{"e":"bookTicker","u":1875305013489,"s":"TURBOUSDT","b":"0.3266","B":"153992.0","a":"0.3267","A":"250816.4","T":1662022872181,"E":1662022872187}
{"e":"bookTicker","u":1875305013493,"s":"TURBOUSDT","b":"0.3266","B":"153992.0","a":"0.3267","A":"246816.4","T":1662022872181,"E":1662022872187}
{"e":"bookTicker","u":1875305013518,"s":"TURBOUSDT","b":"0.3266","B":"153992.0","a":"0.3267","A":"244275.4","T":1662022872182,"E":1662022872187}
{"e":"bookTicker","u":1875305016147,"s":"TURBOUSDT","b":"0.3266","B":"154063.3","a":"0.3267","A":"244275.4","T":1662022872262,"E":1662022872267}
{"e":"bookTicker","u":1875305016272,"s":"TURBOUSDT","b":"0.3266","B":"154063.3","a":"0.3267","A":"248275.4","T":1662022872266,"E":1662022872271}
{"e":"bookTicker","u":1875305018808,"s":"TURBOUSDT","b":"0.3266","B":"144563.3","a":"0.3267","A":"248275.4","T":1662022872331,"E":1662022872333}
{"e":"bookTicker","u":1875305018814,"s":"TURBOUSDT","b":"0.3266","B":"135063.3","a":"0.3267","A":"248275.4","T":1662022872331,"E":1662022872335}
{"e":"bookTicker","u":1875305019679,"s":"TURBOUSDT","b":"0.3266","B":"144563.3","a":"0.3267","A":"248275.4","T":1662022872346,"E":1662022872349}
{"e":"bookTicker","u":1875305019907,"s":"TURBOUSDT","b":"0.3266","B":"135063.3","a":"0.3267","A":"248275.4","T":1662022872352,"E":1662022872355}
{"e":"bookTicker","u":1875305020104,"s":"FISHUSDT","b":"0.13398","B":"4231","a":"0.13401","A":"60","T":1662022872356,"E":1662022872361}
{"e":"bookTicker","u":1875305021909,"s":"FISHUSDT","b":"0.13398","B":"2381","a":"0.13401","A":"60","T":1662022872392,"E":1662022872396}
{"e":"bookTicker","u":1875305024164,"s":"TURBOUSDT","b":"0.3266","B":"135063.3","a":"0.3267","A":"232494.8","T":1662022872441,"E":1662022872446}
{"e":"bookTicker","u":1875305024269,"s":"TURBOUSDT","b":"0.3266","B":"135063.3","a":"0.3267","A":"234494.8","T":1662022872443,"E":1662022872448}
{"e":"bookTicker","u":1875305024295,"s":"TURBOUSDT","b":"0.3266","B":"135063.3","a":"0.3267","A":"236494.8","T":1662022872443,"E":1662022872448}
{"e":"bookTicker","u":1875305024351,"s":"TURBOUSDT","b":"0.3266","B":"135063.3","a":"0.3267","A":"238494.8","T":1662022872445,"E":1662022872449}
{"e":"bookTicker","u":1875305024882,"s":"TURBOUSDT","b":"0.3266","B":"144563.3","a":"0.3267","A":"238494.8","T":1662022872454,"E":1662022872459}
{"e":"bookTicker","u":1875305025395,"s":"FISHUSDT","b":"0.13398","B":"2381","a":"0.13404","A":"6630","T":1662022872465,"E":1662022872470}
{"e":"bookTicker","u":1875305025685,"s":"FISHUSDT","b":"0.13398","B":"2381","a":"0.13400","A":"60","T":1662022872472,"E":1662022872476}
{"e":"bookTicker","u":1875305026423,"s":"FISHUSDT","b":"0.13398","B":"531","a":"0.13400","A":"60","T":1662022872483,"E":1662022872487}
{"e":"bookTicker","u":1875305028314,"s":"TURBOUSDT","b":"0.3266","B":"144563.3","a":"0.3267","A":"255807.5","T":1662022872534,"E":1662022872538}
{"e":"bookTicker","u":1875305029971,"s":"TURBOUSDT","b":"0.3266","B":"144563.3","a":"0.3267","A":"251807.5","T":1662022872583,"E":1662022872587}
{"e":"bookTicker","u":1875305029976,"s":"TURBOUSDT","b":"0.3266","B":"144563.3","a":"0.3267","A":"249807.5","T":1662022872583,"E":1662022872587}
{"e":"bookTicker","u":1875305030370,"s":"TURBOUSDT","b":"0.3266","B":"144563.3","a":"0.3267","A":"250807.5","T":1662022872592,"E":1662022872597}
{"e":"bookTicker","u":1875305030429,"s":"TURBOUSDT","b":"0.3266","B":"144563.3","a":"0.3267","A":"251807.5","T":1662022872593,"E":1662022872597}
{"e":"bookTicker","u":1875305030928,"s":"TURBOUSDT","b":"0.3266","B":"154063.3","a":"0.3267","A":"251807.5","T":1662022872604,"E":1662022872610}
{"e":"bookTicker","u":1875305031303,"s":"TURBOUSDT","b":"0.3266","B":"154063.3","a":"0.3267","A":"250807.5","T":1662022872615,"E":1662022872619}
